<?xml version="1.0" encoding="UTF-8"?>
<!DOCTYPE html PUBLIC "-//W3C//DTD XHTML 1.0 Transitional//EN"
    "http://www.w3.org/TR/xhtml1/DTD/xhtml1-transitional.dtd">
<html xmlns="http://www.w3.org/1999/xhtml" xml:lang="en" lang="en">
 <head>
  <title>
</title>
<meta http-equiv="Content-Type" content="text/html;charset=utf-8" />
  <meta name='ocr-system' content='tesseract 3.04.00' />
  <meta name='ocr-capabilities' content='ocr_page ocr_carea ocr_par ocr_line ocrx_word'/>
</head>
<body>
  <div class='ocr_page' id='page_1' title='image "./depetriramivita00waddgoog_0066.png"; bbox 0 0 2916 5062; ppageno 0'>
   <div class='ocr_carea' id='block_1_1' title="bbox 531 447 722 524">
    <p class='ocr_par' dir='ltr' id='par_1_1' title="bbox 531 447 722 524">
     <span class='ocr_line' id='line_1_1' title="bbox 531 447 722 524; baseline 0 -26"><span class='ocrx_word' id='word_1_1' title='bbox 531 447 722 524; x_wconf 67' lang='lat' dir='ltr'>..po-</span> 
     </span>
    </p>
   </div>
   <div class='ocr_carea' id='block_1_2' title="bbox 95 606 1147 1294">
    <p class='ocr_par' dir='ltr' id='par_1_2' title="bbox 95 606 1147 1294">
     <span class='ocr_line' id='line_1_2' title="bbox 95 606 1130 700; baseline 0 -22"><span class='ocrx_word' id='word_1_2' title='bbox 95 612 225 700; x_wconf 85' lang='lat' dir='ltr'>itaque</span> <span class='ocrx_word' id='word_1_3' title='bbox 240 607 398 700; x_wconf 81' lang='lat' dir='ltr'>principe</span> <span class='ocrx_word' id='word_1_4' title='bbox 413 607 577 678; x_wconf 80' lang='lat' dir='ltr'>Cicerone</span> <span class='ocrx_word' id='word_1_5' title='bbox 595 607 897 679; x_wconf 81' lang='lat' dir='ltr'>demonstrationis</span> <span class='ocrx_word' id='word_1_6' title='bbox 912 629 987 678; x_wconf 85' lang='lat' dir='ltr'>suae</span> <span class='ocrx_word' id='word_1_7' title='bbox 1006 606 1130 696; x_wconf 87' lang='lat' dir='ltr'>fidam,</span> 
     </span>
     <span class='ocr_line' id='line_1_3' title="bbox 96 725 1129 821; baseline -0.002 -23"><span class='ocrx_word' id='word_1_8' title='bbox 96 738 133 798; x_wconf 84' lang='lat' dir='ltr'>et</span> <span class='ocrx_word' id='word_1_9' title='bbox 165 727 311 820; x_wconf 90' lang='lat' dir='ltr'>quidem</span> <span class='ocrx_word' id='word_1_10' title='bbox 335 749 382 797; x_wconf 84' lang='lat' dir='ltr'>ex</span> <span class='ocrx_word' id='word_1_11' title='bbox 402 725 597 798; x_wconf 83' lang='lat' dir='ltr'>Aristotelis</span> <span class='ocrx_word' id='word_1_12' title='bbox 622 725 779 798; x_wconf 90' lang='lat' dir='ltr'>doctrina</span> <span class='ocrx_word' id='word_1_13' title='bbox 802 727 909 798; x_wconf 88' lang='lat' dir='ltr'>ordiri</span> <span class='ocrx_word' id='word_1_14' title='bbox 931 728 1041 798; x_wconf 91' lang='lat' dir='ltr'>vciuit</span> <span class='ocrx_word' id='word_1_15' title='bbox 1059 725 1129 821; x_wconf 91' lang='lat' dir='ltr'>(i).</span> 
     </span>
     <span class='ocr_line' id='line_1_4' title="bbox 98 844 1134 936; baseline 0.001 -21"><span class='ocrx_word' id='word_1_16' title='bbox 98 846 289 916; x_wconf 83' lang='lat' dir='ltr'>Orationes</span> <span class='ocrx_word' id='word_1_17' title='bbox 302 846 407 936; x_wconf 80' lang='lat' dir='ltr'>igitur</span> <span class='ocrx_word' id='word_1_18' title='bbox 418 844 623 915; x_wconf 89' lang='lat' dir='ltr'>lectionibus</span> <span class='ocrx_word' id='word_1_19' title='bbox 635 845 832 933; x_wconf 88' lang='lat' dir='ltr'>iiiustravit,</span> <span class='ocrx_word' id='word_1_20' title='bbox 847 867 929 936; x_wconf 85' lang='lat' dir='ltr'>quae</span> <span class='ocrx_word' id='word_1_21' title='bbox 940 845 1134 916; x_wconf 86' lang='lat' dir='ltr'>aCicerone</span> 
     </span>
     <span class='ocr_line' id='line_1_5' title="bbox 101 962 1135 1056; baseline 0 -22"><span class='ocrx_word' id='word_1_22' title='bbox 101 966 139 1034; x_wconf 92' lang='lat' dir='ltr'>iu</span> <span class='ocrx_word' id='word_1_23' title='bbox 157 965 343 1036; x_wconf 88' lang='lat' dir='ltr'>consulatu</span> <span class='ocrx_word' id='word_1_24' title='bbox 359 964 495 1034; x_wconf 79' lang='lat' dir='ltr'>fuerant</span> <span class='ocrx_word' id='word_1_25' title='bbox 510 963 652 1051; x_wconf 88' lang='lat' dir='ltr'>habitae,</span> <span class='ocrx_word' id='word_1_26' title='bbox 667 973 705 1033; x_wconf 92' lang='lat' dir='ltr'>ut</span> <span class='ocrx_word' id='word_1_27' title='bbox 724 985 788 1056; x_wconf 93' lang='lat' dir='ltr'>pro</span> <span class='ocrx_word' id='word_1_28' title='bbox 800 964 841 1048; x_wconf 89' lang='lat' dir='ltr'>Q.</span> <span class='ocrx_word' id='word_1_29' title='bbox 854 963 1009 1050; x_wconf 83' lang='lat' dir='ltr'>Rabirio,</span> <span class='ocrx_word' id='word_1_30' title='bbox 1024 962 1135 1054; x_wconf 78' lang='lat' dir='ltr'>Agra-</span> 
     </span>
     <span class='ocr_line' id='line_1_6' title="bbox 102 1080 1133 1173; baseline -0.004 -19"><span class='ocrx_word' id='word_1_31' title='bbox 102 1085 197 1171; x_wconf 90' lang='lat' dir='ltr'>rias,</span> <span class='ocrx_word' id='word_1_32' title='bbox 222 1081 456 1168; x_wconf 65' lang='lat' dir='ltr'>catilinarium</span> <span class='ocrx_word' id='word_1_33' title='bbox 483 1081 526 1150; x_wconf 90' lang='lat' dir='ltr'>de</span> <span class='ocrx_word' id='word_1_34' title='bbox 553 1080 682 1171; x_wconf 89' lang='lat' dir='ltr'>quibus</span> <span class='ocrx_word' id='word_1_35' title='bbox 701 1090 840 1152; x_wconf 84' lang='lat' dir='ltr'>exstant</span> <span class='ocrx_word' id='word_1_36' title='bbox 858 1081 1014 1173; x_wconf 86' lang='lat' dir='ltr'>ejusdem</span> <span class='ocrx_word' id='word_1_37' title='bbox 1036 1081 1133 1151; x_wconf 89' lang='lat' dir='ltr'>Rami</span> 
     </span>
     <span class='ocr_line' id='line_1_7' title="bbox 104 1195 1147 1294; baseline -0.002 -24"><span class='ocrx_word' id='word_1_38' title='bbox 104 1198 418 1270; x_wconf 75' lang='lat' dir='ltr'>commentationes</span> <span class='ocrx_word' id='word_1_39' title='bbox 452 1195 520 1294; x_wconf 73' lang='lat'>(2).</span> <span class='ocrx_word' id='word_1_40' title='bbox 548 1197 719 1268; x_wconf 84' lang='lat' dir='ltr'>Percurrit</span> <span class='ocrx_word' id='word_1_41' title='bbox 743 1199 867 1270; x_wconf 87' lang='lat' dir='ltr'>eodem</span> <span class='ocrx_word' id='word_1_42' title='bbox 895 1198 954 1270; x_wconf 91' lang='lat' dir='ltr'>iiio</span> <span class='ocrx_word' id='word_1_43' title='bbox 983 1207 1018 1268; x_wconf 90' lang='lat' dir='ltr'>et</span> <span class='ocrx_word' id='word_1_44' title='bbox 1045 1198 1147 1268; x_wconf 85' lang='lat' dir='ltr'>sarie</span> 
     </span>
    </p>
   </div>
   <div class='ocr_carea' id='block_1_3' title="bbox 105 1316 1131 1522">
    <p class='ocr_par' dir='ltr' id='par_1_3' title="bbox 105 1316 1131 1522">
     <span class='ocr_line' id='line_1_8' title="bbox 105 1316 1131 1410; baseline -0.002 -22"><span class='ocrx_word' id='word_1_45' title='bbox 105 1319 288 1388; x_wconf 88' lang='lat' dir='ltr'>orationes</span> <span class='ocrx_word' id='word_1_46' title='bbox 305 1339 368 1410; x_wconf 94' lang='lat' dir='ltr'>pro</span> <span class='ocrx_word' id='word_1_47' title='bbox 383 1317 420 1386; x_wconf 92' lang='lat' dir='ltr'>P.</span> <span class='ocrx_word' id='word_1_48' title='bbox 436 1316 595 1404; x_wconf 89' lang='lat' dir='ltr'>Quintio,</span> <span class='ocrx_word' id='word_1_49' title='bbox 613 1337 676 1408; x_wconf 95' lang='lat' dir='ltr'>pro</span> <span class='ocrx_word' id='word_1_50' title='bbox 693 1318 798 1387; x_wconf 82' lang='lat' dir='ltr'>Sexto</span> <span class='ocrx_word' id='word_1_51' title='bbox 812 1317 938 1388; x_wconf 89' lang='lat' dir='ltr'>Roscio</span> <span class='ocrx_word' id='word_1_52' title='bbox 952 1316 1131 1405; x_wconf 82' lang='lat' dir='ltr'>Amerina,</span> 
     </span>
     <span class='ocr_line' id='line_1_9' title="bbox 105 1428 1130 1522; baseline -0.003 -22"><span class='ocrx_word' id='word_1_53' title='bbox 105 1451 172 1522; x_wconf 95' lang='lat' dir='ltr'>pro</span> <span class='ocrx_word' id='word_1_54' title='bbox 191 1430 234 1513; x_wconf 85' lang='lat' dir='ltr'>Q.</span> <span class='ocrx_word' id='word_1_55' title='bbox 255 1429 380 1500; x_wconf 86' lang='lat' dir='ltr'>Roscio</span> <span class='ocrx_word' id='word_1_56' title='bbox 399 1429 579 1516; x_wconf 87' lang='lat' dir='ltr'>comoedo,</span> <span class='ocrx_word' id='word_1_57' title='bbox 599 1436 633 1498; x_wconf 90' lang='lat' dir='ltr'>ct</span> <span class='ocrx_word' id='word_1_58' title='bbox 654 1428 812 1498; x_wconf 85' lang='lat' dir='ltr'>Verrinas</span> <span class='ocrx_word' id='word_1_59' title='bbox 832 1429 955 1499; x_wconf 86' lang='lat' dir='ltr'>ordine</span> <span class='ocrx_word' id='word_1_60' title='bbox 975 1435 1130 1522; x_wconf 83' lang='lat' dir='ltr'>septem;</span> 
     </span>
    </p>
   </div>
   <div class='ocr_carea' id='block_1_4' title="bbox 11 1545 1136 2466">
    <p class='ocr_par' dir='ltr' id='par_1_4' title="bbox 11 1545 1136 2466">
     <span class='ocr_line' id='line_1_10' title="bbox 106 1545 1132 1637; baseline -0.005 -17"><span class='ocrx_word' id='word_1_61' title='bbox 106 1547 170 1620; x_wconf 90' lang='lat' dir='ltr'>ubi</span> <span class='ocrx_word' id='word_1_62' title='bbox 198 1547 368 1634; x_wconf 87' lang='lat' dir='ltr'>substitit,</span> <span class='ocrx_word' id='word_1_63' title='bbox 395 1545 649 1637; x_wconf 87' lang='lat' dir='ltr'>consiliumque</span> <span class='ocrx_word' id='word_1_64' title='bbox 671 1547 833 1633; x_wconf 85' lang='lat' dir='ltr'>mutavit,</span> <span class='ocrx_word' id='word_1_65' title='bbox 862 1546 959 1637; x_wconf 89' lang='lat' dir='ltr'>quod</span> <span class='ocrx_word' id='word_1_66' title='bbox 987 1545 1132 1634; x_wconf 84' lang='lat' dir='ltr'>inierat,</span> 
     </span>
     <span class='ocr_line' id='line_1_11' title="bbox 109 1664 1131 1758; baseline 0 -24"><span class='ocrx_word' id='word_1_67' title='bbox 109 1675 223 1736; x_wconf 88' lang='lat' dir='ltr'>totum</span> <span class='ocrx_word' id='word_1_68' title='bbox 242 1665 438 1736; x_wconf 88' lang='lat' dir='ltr'>orationum</span> <span class='ocrx_word' id='word_1_69' title='bbox 454 1664 756 1740; x_wconf 85' lang='lat' dir='ltr'>Ciceronianarum</span> <span class='ocrx_word' id='word_1_70' title='bbox 774 1667 938 1740; x_wconf 87' lang='lat' dir='ltr'>volumen</span> <span class='ocrx_word' id='word_1_71' title='bbox 954 1664 1131 1758; x_wconf 80' lang='lat' dir='ltr'>explican-</span> 
     </span>
     <span class='ocr_line' id='line_1_12' title="bbox 106 1783 1133 1879; baseline 0.002 -25"><span class='ocrx_word' id='word_1_72' title='bbox 106 1784 142 1854; x_wconf 88' lang='lat' dir='ltr'>di</span> <span class='ocrx_word' id='word_1_73' title='bbox 154 1783 225 1879; x_wconf 79' lang='lat'><strong>(3).</strong></span> <span class='ocrx_word' id='word_1_74' title='bbox 244 1783 374 1854; x_wconf 87' lang='lat' dir='ltr'>Deinde</span> <span class='ocrx_word' id='word_1_75' title='bbox 392 1783 497 1854; x_wconf 90' lang='lat' dir='ltr'>animi</span> <span class='ocrx_word' id='word_1_76' title='bbox 520 1784 701 1854; x_wconf 82' lang='lat' dir='ltr'>recreandi</span> <span class='ocrx_word' id='word_1_77' title='bbox 716 1805 843 1872; x_wconf 87' lang='lat' dir='ltr'>causa,</span> <span class='ocrx_word' id='word_1_78' title='bbox 862 1785 973 1858; x_wconf 87' lang='lat' dir='ltr'>voiuit</span> <span class='ocrx_word' id='word_1_79' title='bbox 988 1784 1035 1857; x_wconf 84' lang='lat' dir='ltr'>ad</span> <span class='ocrx_word' id='word_1_80' title='bbox 1049 1806 1133 1878; x_wconf 86' lang='lat' dir='ltr'>poe·</span> 
     </span>
     <span class='ocr_line' id='line_1_13' title="bbox 108 1901 1132 1996; baseline 0.002 -24"><span class='ocrx_word' id='word_1_81' title='bbox 108 1904 217 1973; x_wconf 91' lang='lat' dir='ltr'>ticam</span> <span class='ocrx_word' id='word_1_82' title='bbox 246 1902 443 1989; x_wconf 77' lang='lat' dir='ltr'>devertere,</span> <span class='ocrx_word' id='word_1_83' title='bbox 471 1901 664 1992; x_wconf 86' lang='lat' dir='ltr'>codemque</span> <span class='ocrx_word' id='word_1_84' title='bbox 685 1903 775 1996; x_wconf 86' lang='lat' dir='ltr'>stylo</span> <span class='ocrx_word' id='word_1_85' title='bbox 792 1903 974 1994; x_wconf 77' lang='lat' dir='ltr'>Virgilium</span> <span class='ocrx_word' id='word_1_86' title='bbox 997 1912 1132 1992; x_wconf 88' lang='lat' dir='ltr'>totum,</span> 
     </span>
     <span class='ocr_line' id='line_1_14' title="bbox 107 2019 1134 2094; baseline 0.002 -4"><span class='ocrx_word' id='word_1_87' title='bbox 107 2022 193 2094; x_wconf 86' lang='lat' dir='ltr'>iicet</span> <span class='ocrx_word' id='word_1_88' title='bbox 207 2019 397 2090; x_wconf 85' lang='lat' dir='ltr'>ridentibus</span> <span class='ocrx_word' id='word_1_89' title='bbox 413 2029 447 2090; x_wconf 87' lang='lat' dir='ltr'>et</span> <span class='ocrx_word' id='word_1_90' title='bbox 462 2019 748 2090; x_wconf 83' lang='lat' dir='ltr'>cachinnantibus</span> <span class='ocrx_word' id='word_1_91' title='bbox 764 2019 891 2092; x_wconf 86' lang='lat' dir='ltr'>invidis</span> <span class='ocrx_word' id='word_1_92' title='bbox 909 2030 944 2092; x_wconf 87' lang='lat' dir='ltr'>et</span> <span class='ocrx_word' id='word_1_93' title='bbox 960 2022 1134 2094; x_wconf 86' lang='lat' dir='ltr'>obtrecta-</span> 
     </span>
     <span class='ocr_line' id='line_1_15' title="bbox 107 2137 1136 2242; baseline 0.006 -34"><span class='ocrx_word' id='word_1_94' title='bbox 107 2138 249 2210; x_wconf 90' lang='lat' dir='ltr'>toribus</span> <span class='ocrx_word' id='word_1_95' title='bbox 279 2139 508 2242; x_wconf 89' lang='lat' dir='ltr'>quibusdam,</span> <span class='ocrx_word' id='word_1_96' title='bbox 542 2137 718 2230; x_wconf 82' lang='lat' dir='ltr'>explicare</span> <span class='ocrx_word' id='word_1_97' title='bbox 747 2139 939 2234; x_wconf 87' lang='lat' dir='ltr'>proposuit.</span> <span class='ocrx_word' id='word_1_98' title='bbox 976 2139 1136 2214; x_wconf 86' lang='lat' dir='ltr'>Pericctis</span> 
     </span>
     <span class='ocr_line' id='line_1_16' title="bbox 109 2257 1132 2353; baseline 0 -25"><span class='ocrx_word' id='word_1_99' title='bbox 109 2267 228 2328; x_wconf 84' lang='lat' dir='ltr'>autem</span> <span class='ocrx_word' id='word_1_100' title='bbox 259 2265 364 2350; x_wconf 88' lang='lat' dir='ltr'>atque</span> <span class='ocrx_word' id='word_1_101' title='bbox 391 2257 568 2328; x_wconf 89' lang='lat' dir='ltr'>illustratis</span> <span class='ocrx_word' id='word_1_102' title='bbox 594 2257 764 2328; x_wconf 87' lang='lat' dir='ltr'>Bucolicis</span> <span class='ocrx_word' id='word_1_103' title='bbox 793 2268 827 2330; x_wconf 88' lang='lat' dir='ltr'>et</span> <span class='ocrx_word' id='word_1_104' title='bbox 856 2259 1035 2349; x_wconf 81' lang='lat' dir='ltr'>Georgicis</span> <span class='ocrx_word' id='word_1_105' title='bbox 1060 2258 1132 2353; x_wconf 78' lang='lat' dir='ltr'>(i),</span> 
     </span>
     <span class='ocr_line' id='line_1_17' title="bbox 11 2374 1135 2466; baseline 0 -19"><span class='ocrx_word' id='word_1_106' title='bbox 11 2401 13 2436; x_wconf 73' lang='grc'>;</span> <span class='ocrx_word' id='word_1_107' title='bbox 110 2374 276 2447; x_wconf 83' lang='lat' dir='ltr'>AEneidos</span> <span class='ocrx_word' id='word_1_108' title='bbox 290 2374 437 2446; x_wconf 82' lang='lat' dir='ltr'>vixdum</span> <span class='ocrx_word' id='word_1_109' title='bbox 455 2374 567 2466; x_wconf 91' lang='lat' dir='ltr'>primo</span> <span class='ocrx_word' id='word_1_110' title='bbox 584 2375 672 2445; x_wconf 92' lang='lat' dir='ltr'>iibro</span> <span class='ocrx_word' id='word_1_111' title='bbox 685 2397 852 2466; x_wconf 80' lang='lat' dir='ltr'>excurso,</span> <span class='ocrx_word' id='word_1_112' title='bbox 871 2377 1055 2448; x_wconf 91' lang='lat' dir='ltr'>consiiium</span> <span class='ocrx_word' id='word_1_113' title='bbox 1069 2377 1135 2447; x_wconf 92' lang='lat' dir='ltr'>hcc</span> 
     </span>
    </p>
   </div>
   <div class='ocr_carea' id='block_1_5' title="bbox 11 2492 1135 2942">
    <p class='ocr_par' dir='ltr' id='par_1_5' title="bbox 11 2492 1135 2942">
     <span class='ocr_line' id='line_1_18' title="bbox 11 2492 1135 2586; baseline 0 -22"><span class='ocrx_word' id='word_1_114' title='bbox 11 2519 12 2534; x_wconf 57' lang='lat'>¹</span> <span class='ocrx_word' id='word_1_115' title='bbox 112 2501 308 2586; x_wconf 83' lang='lat' dir='ltr'>quoquest</span> <span class='ocrx_word' id='word_1_116' title='bbox 326 2492 518 2564; x_wconf 87' lang='lat' dir='ltr'>institutum</span> <span class='ocrx_word' id='word_1_117' title='bbox 536 2493 683 2568; x_wconf 87' lang='lat' dir='ltr'>mutavit</span> <span class='ocrx_word' id='word_1_118' title='bbox 707 2521 715 2564; x_wconf 94' lang='lat'><strong>:</strong></span> <span class='ocrx_word' id='word_1_119' title='bbox 736 2504 841 2586; x_wconf 88' lang='lat' dir='ltr'>atque</span> <span class='ocrx_word' id='word_1_120' title='bbox 859 2495 925 2580; x_wconf 87' lang='lat' dir='ltr'>ita,</span> <span class='ocrx_word' id='word_1_121' title='bbox 948 2503 1018 2564; x_wconf 88' lang='lat' dir='ltr'>eta</span> <span class='ocrx_word' id='word_1_122' title='bbox 1038 2493 1135 2564; x_wconf 89' lang='lat' dir='ltr'>Cice·</span> 
     </span>
     <span class='ocr_line' id='line_1_19' title="bbox 12 2585 1132 2702; baseline -0.002 -20"><span class='ocrx_word' id='word_1_123' title='bbox 12 2585 13 2604; x_wconf 13' lang='grc' dir='ltr'>ἵ</span> <span class='ocrx_word' id='word_1_124' title='bbox 113 2611 423 2701; x_wconf 81' lang='lat' dir='ltr'>conectaVirgiiio</span> <span class='ocrx_word' id='word_1_125' title='bbox 434 2611 628 2702; x_wconf 77' lang='lat' dir='ltr'>digressus,</span> <span class='ocrx_word' id='word_1_126' title='bbox 649 2613 694 2684; x_wconf 93' lang='lat' dir='ltr'>ad</span> <span class='ocrx_word' id='word_1_127' title='bbox 709 2612 777 2684; x_wconf 90' lang='lat' dir='ltr'>aiia</span> <span class='ocrx_word' id='word_1_128' title='bbox 795 2612 910 2684; x_wconf 88' lang='lat' dir='ltr'>studia</span> <span class='ocrx_word' id='word_1_129' title='bbox 927 2634 964 2684; x_wconf 87' lang='lat' dir='ltr'>se</span> <span class='ocrx_word' id='word_1_130' title='bbox 975 2612 1132 2681; x_wconf 89' lang='lat' dir='ltr'>contulit.</span> 
     </span>
     <span class='ocr_line' id='line_1_20' title="bbox 160 2725 1133 2823; baseline 0.005 -24"><span class='ocrx_word' id='word_1_131' title='bbox 160 2731 254 2800; x_wconf 86' lang='lat' dir='ltr'>inter</span> <span class='ocrx_word' id='word_1_132' title='bbox 278 2729 361 2802; x_wconf 90' lang='lat' dir='ltr'>istas</span> <span class='ocrx_word' id='word_1_133' title='bbox 384 2725 554 2800; x_wconf 84' lang='lat' dir='ltr'>oratorias</span> <span class='ocrx_word' id='word_1_134' title='bbox 576 2738 611 2802; x_wconf 88' lang='lat' dir='ltr'>ct</span> <span class='ocrx_word' id='word_1_135' title='bbox 628 2730 783 2823; x_wconf 84' lang='lat' dir='ltr'>poeticas</span> <span class='ocrx_word' id='word_1_136' title='bbox 807 2730 1133 2818; x_wconf 85' lang='lat' dir='ltr'>commentationes,</span> 
     </span>
     <span class='ocr_line' id='line_1_21' title="bbox 110 2845 1133 2942; baseline 0.001 -21"><span class='ocrx_word' id='word_1_137' title='bbox 110 2848 259 2921; x_wconf 82' lang='lat' dir='ltr'>Caescris</span> <span class='ocrx_word' id='word_1_138' title='bbox 274 2846 514 2919; x_wconf 89' lang='lat' dir='ltr'>Commentarii</span> <span class='ocrx_word' id='word_1_139' title='bbox 527 2845 579 2942; x_wconf 76' lang='grc' dir='ltr'>(ὃ)</span> <span class='ocrx_word' id='word_1_140' title='bbox 592 2857 627 2918; x_wconf 89' lang='lat' dir='ltr'>et</span> <span class='ocrx_word' id='word_1_141' title='bbox 643 2853 765 2922; x_wconf 81' lang='lat' dir='ltr'>Brutus</span> <span class='ocrx_word' id='word_1_142' title='bbox 781 2847 955 2921; x_wconf 83' lang='lat' dir='ltr'>Ciceronis</span> <span class='ocrx_word' id='word_1_143' title='bbox 969 2849 1133 2922; x_wconf 87' lang='lat' dir='ltr'>interces-</span> 
     </span>
    </p>
   </div>
   <div class='ocr_carea' id='block_1_6' title="bbox 142 3143 1134 3457">
    <p class='ocr_par' dir='ltr' id='par_1_6' title="bbox 144 3143 762 3207">
     <span class='ocr_line' id='line_1_22' title="bbox 144 3143 762 3207; baseline 0.005 -15"><span class='ocrx_word' id='word_1_144' title='bbox 144 3144 180 3207; x_wconf 78' lang='grc' dir='ltr'>(ι)</span> <span class='ocrx_word' id='word_1_145' title='bbox 196 3143 252 3194; x_wconf 85' lang='lat' dir='ltr'>Vid.</span> <span class='ocrx_word' id='word_1_146' title='bbox 266 3143 337 3196; x_wconf 79' lang='lat' dir='ltr'>Prot.</span> <span class='ocrx_word' id='word_1_147' title='bbox 350 3147 376 3194; x_wconf 87' lang='lat' dir='ltr'>iu</span> <span class='ocrx_word' id='word_1_148' title='bbox 389 3145 456 3196; x_wconf 84' lang='lat' dir='ltr'>Orat.</span> <span class='ocrx_word' id='word_1_149' title='bbox 469 3145 593 3196; x_wconf 82' lang='lat' dir='ltr'>ciceronis</span> <span class='ocrx_word' id='word_1_150' title='bbox 604 3143 635 3194; x_wconf 85' lang='lat' dir='ltr'>ds</span> <span class='ocrx_word' id='word_1_151' title='bbox 646 3143 699 3206; x_wconf 78' lang='lat' dir='ltr'>iege</span> <span class='ocrx_word' id='word_1_152' title='bbox 710 3156 762 3206; x_wconf 75' lang='lat' dir='ltr'>agr.</span> 
     </span>
    </p>

    <p class='ocr_par' dir='ltr' id='par_1_7' title="bbox 143 3227 563 3293">
     <span class='ocr_line' id='line_1_23' title="bbox 143 3227 563 3293; baseline 0 -16"><span class='ocrx_word' id='word_1_153' title='bbox 143 3227 180 3292; x_wconf 77' lang='lat' dir='ltr'>(a)</span> <span class='ocrx_word' id='word_1_154' title='bbox 195 3227 251 3278; x_wconf 83' lang='lat' dir='ltr'>vid.</span> <span class='ocrx_word' id='word_1_155' title='bbox 264 3228 328 3278; x_wconf 84' lang='lat' dir='ltr'>inira</span> <span class='ocrx_word' id='word_1_156' title='bbox 339 3228 420 3279; x_wconf 82' lang='lat' dir='ltr'>Gatai.</span> <span class='ocrx_word' id='word_1_157' title='bbox 430 3241 471 3293; x_wconf 87' lang='lat' dir='ltr'>op.</span> <span class='ocrx_word' id='word_1_158' title='bbox 482 3229 563 3279; x_wconf 79' lang='lat' dir='ltr'>Remi.</span> 
     </span>
    </p>

    <p class='ocr_par' dir='ltr' id='par_1_8' title="bbox 142 3309 844 3375">
     <span class='ocr_line' id='line_1_24' title="bbox 142 3309 844 3375; baseline 0.001 -14"><span class='ocrx_word' id='word_1_159' title='bbox 142 3313 179 3372; x_wconf 78' lang='grc'>(3)</span> <span class='ocrx_word' id='word_1_160' title='bbox 194 3310 314 3370; x_wconf 77' lang='lat' dir='ltr'>Napaei..</span> <span class='ocrx_word' id='word_1_161' title='bbox 328 3310 346 3360; x_wconf 91' lang='grc'>1.</span> <span class='ocrx_word' id='word_1_162' title='bbox 356 3325 394 3372; x_wconf 75' lang='lat' dir='ltr'>a,</span> <span class='ocrx_word' id='word_1_163' title='bbox 404 3325 430 3375; x_wconf 92' lang='lat' dir='ltr'>p.</span> <span class='ocrx_word' id='word_1_164' title='bbox 442 3315 487 3371; x_wconf 73' lang='lat'>20,</span> <span class='ocrx_word' id='word_1_165' title='bbox 497 3315 536 3360; x_wconf 68' lang='lat' dir='ltr'>at.</span> <span class='ocrx_word' id='word_1_166' title='bbox 552 3309 607 3359; x_wconf 82' lang='lat' dir='ltr'>Viri.</span> <span class='ocrx_word' id='word_1_167' title='bbox 619 3309 698 3360; x_wconf 81' lang='lat' dir='ltr'>Catai.</span> <span class='ocrx_word' id='word_1_168' title='bbox 710 3322 750 3373; x_wconf 90' lang='lat' dir='ltr'>op.</span> <span class='ocrx_word' id='word_1_169' title='bbox 762 3309 844 3362; x_wconf 85' lang='lat' dir='ltr'>Rami.</span> 
     </span>
    </p>

    <p class='ocr_par' dir='ltr' id='par_1_9' title="bbox 143 3393 1134 3457">
     <span class='ocr_line' id='line_1_25' title="bbox 143 3393 1134 3457; baseline -0.001 -13"><span class='ocrx_word' id='word_1_170' title='bbox 143 3395 179 3456; x_wconf 79' lang='lat' dir='ltr'>(i)</span> <span class='ocrx_word' id='word_1_171' title='bbox 195 3394 309 3455; x_wconf 71' lang='lat' dir='ltr'>Nancei„</span> <span class='ocrx_word' id='word_1_172' title='bbox 319 3407 344 3456; x_wconf 87' lang='lat' dir='ltr'>p.</span> <span class='ocrx_word' id='word_1_173' title='bbox 356 3397 399 3457; x_wconf 75' lang='lat'>22,</span> <span class='ocrx_word' id='word_1_174' title='bbox 407 3397 498 3456; x_wconf 58' lang='lat' dir='ltr'>atat:</span> <span class='ocrx_word' id='word_1_175' title='bbox 513 3395 563 3443; x_wconf 82' lang='lat' dir='ltr'>rin</span> <span class='ocrx_word' id='word_1_176' title='bbox 574 3393 640 3455; x_wconf 79' lang='lat' dir='ltr'>quod</span> <span class='ocrx_word' id='word_1_177' title='bbox 652 3397 787 3456; x_wconf 83' lang='lat' dir='ltr'>utrumque</span> <span class='ocrx_word' id='word_1_178' title='bbox 798 3398 896 3444; x_wconf 81' lang='lat' dir='ltr'>exstant</span> <span class='ocrx_word' id='word_1_179' title='bbox 906 3393 986 3454; x_wconf 77' lang='lat' dir='ltr'>ejusd.</span> <span class='ocrx_word' id='word_1_180' title='bbox 1003 3405 1134 3444; x_wconf 88' lang='lat' dir='ltr'>commen-</span> 
     </span>
    </p>
   </div>
   <div class='ocr_carea' id='block_1_7' title="bbox 112 3475 1139 3615">
    <p class='ocr_par' dir='ltr' id='par_1_10' title="bbox 112 3475 1139 3615">
     <span class='ocr_line' id='line_1_26' title="bbox 112 3475 1139 3540; baseline 0.004 -16"><span class='ocrx_word' id='word_1_181' title='bbox 112 3479 169 3527; x_wconf 78' lang='lat' dir='ltr'>rarii</span> <span class='ocrx_word' id='word_1_182' title='bbox 179 3481 210 3526; x_wconf 90' lang='lat' dir='ltr'>ut</span> <span class='ocrx_word' id='word_1_183' title='bbox 219 3476 318 3537; x_wconf 83' lang='lat' dir='ltr'>icciies,</span> <span class='ocrx_word' id='word_1_184' title='bbox 329 3477 365 3526; x_wconf 81' lang='lat' dir='ltr'>sic</span> <span class='ocrx_word' id='word_1_185' title='bbox 375 3477 511 3526; x_wconf 82' lang='lat' dir='ltr'>admodum</span> <span class='ocrx_word' id='word_1_186' title='bbox 521 3477 653 3540; x_wconf 83' lang='lat' dir='ltr'>popuiarcs</span> <span class='ocrx_word' id='word_1_187' title='bbox 664 3481 689 3526; x_wconf 86' lang='lat' dir='ltr'>ct</span> <span class='ocrx_word' id='word_1_188' title='bbox 700 3475 845 3526; x_wconf 85' lang='lat' dir='ltr'>metirodici.</span> <span class='ocrx_word' id='word_1_189' title='bbox 860 3493 871 3519; x_wconf 80' lang='grc' dir='ltr'>ι</span> <span class='ocrx_word' id='word_1_190' title='bbox 890 3501 913 3512; x_wconf 88' lang='grc'><strong>-</strong></span> <span class='ocrx_word' id='word_1_191' title='bbox 929 3495 942 3520; x_wconf 71' lang='grc' dir='ltr'>ι</span> <span class='ocrx_word' id='word_1_192' title='bbox 956 3477 991 3527; x_wconf 78' lang='lat' dir='ltr'>lie</span> <span class='ocrx_word' id='word_1_193' title='bbox 1001 3489 1051 3540; x_wconf 85' lang='lat' dir='ltr'>quo</span> <span class='ocrx_word' id='word_1_194' title='bbox 1061 3480 1139 3530; x_wconf 87' lang='lat' dir='ltr'>etiam</span> 
     </span>
     <span class='ocr_line' id='line_1_27' title="bbox 114 3549 1139 3615; baseline 0 -14"><span class='ocrx_word' id='word_1_195' title='bbox 114 3553 160 3602; x_wconf 88' lang='lat' dir='ltr'>irco</span> <span class='ocrx_word' id='word_1_196' title='bbox 170 3552 250 3601; x_wconf 84' lang='lat' dir='ltr'>obiter</span> <span class='ocrx_word' id='word_1_197' title='bbox 260 3550 380 3613; x_wconf 79' lang='lat' dir='ltr'>dixerim,</span> <span class='ocrx_word' id='word_1_198' title='bbox 395 3554 421 3600; x_wconf 88' lang='lat' dir='ltr'>in</span> <span class='ocrx_word' id='word_1_199' title='bbox 439 3556 476 3601; x_wconf 87' lang='lat' dir='ltr'>tot</span> <span class='ocrx_word' id='word_1_200' title='bbox 491 3557 555 3602; x_wconf 85' lang='lat' dir='ltr'>crat.</span> <span class='ocrx_word' id='word_1_201' title='bbox 567 3552 657 3612; x_wconf 77' lang='lat' dir='ltr'>(iicon,</span> <span class='ocrx_word' id='word_1_202' title='bbox 671 3555 709 3600; x_wconf 87' lang='lat' dir='ltr'>tot</span> <span class='ocrx_word' id='word_1_203' title='bbox 720 3549 882 3612; x_wconf 80' lang='lat' dir='ltr'>iibrisiiirgii.</span> <span class='ocrx_word' id='word_1_204' title='bbox 902 3551 1067 3615; x_wconf 83' lang='lat' dir='ltr'>explicandis,</span> <span class='ocrx_word' id='word_1_205' title='bbox 1083 3566 1139 3603; x_wconf 79' lang='lat' dir='ltr'>canu</span> 
     </span>
    </p>
   </div>
   <div class='ocr_carea' id='block_1_8' title="bbox 30 3633 1142 4438">
    <p class='ocr_par' dir='ltr' id='par_1_11' title="bbox 30 3633 1142 4438">
     <span class='ocr_line' id='line_1_28' title="bbox 113 3633 1140 3699; baseline 0.001 -13"><span class='ocrx_word' id='word_1_206' title='bbox 113 3637 210 3686; x_wconf 87' lang='lat' dir='ltr'>bomini</span> <span class='ocrx_word' id='word_1_207' title='bbox 228 3633 305 3684; x_wconf 81' lang='lat' dir='ltr'>inisse</span> <span class='ocrx_word' id='word_1_208' title='bbox 315 3635 522 3686; x_wconf 84' lang='lat' dir='ltr'>consuetudinem</span> <span class='ocrx_word' id='word_1_209' title='bbox 541 3640 570 3684; x_wconf 85' lang='lat' dir='ltr'>ut</span> <span class='ocrx_word' id='word_1_210' title='bbox 582 3635 692 3697; x_wconf 86' lang='lat' dir='ltr'>quotidie</span> <span class='ocrx_word' id='word_1_211' title='bbox 707 3636 823 3699; x_wconf 74' lang='lat' dir='ltr'>paginam</span> <span class='ocrx_word' id='word_1_212' title='bbox 835 3647 914 3684; x_wconf 83' lang='lat' dir='ltr'>unam</span> <span class='ocrx_word' id='word_1_213' title='bbox 931 3648 977 3685; x_wconf 87' lang='lat' dir='ltr'>noc</span> <span class='ocrx_word' id='word_1_214' title='bbox 994 3639 1080 3687; x_wconf 86' lang='lat' dir='ltr'>minus</span> <span class='ocrx_word' id='word_1_215' title='bbox 1094 3649 1140 3686; x_wconf 90' lang='lat' dir='ltr'>nec</span> 
     </span>
     <span class='ocr_line' id='line_1_29' title="bbox 113 3717 1141 3783; baseline 0.002 -15"><span class='ocrx_word' id='word_1_216' title='bbox 113 3719 223 3782; x_wconf 85' lang='lat' dir='ltr'>ampiins</span> <span class='ocrx_word' id='word_1_217' title='bbox 235 3717 385 3781; x_wconf 76' lang='lat' dir='ltr'>protegeret.</span> <span class='ocrx_word' id='word_1_218' title='bbox 399 3719 434 3783; x_wconf 74' lang='lat' dir='ltr'>iix</span> <span class='ocrx_word' id='word_1_219' title='bbox 445 3731 495 3780; x_wconf 86' lang='lat' dir='ltr'>quc</span> <span class='ocrx_word' id='word_1_220' title='bbox 504 3719 668 3782; x_wconf 65' lang='lat' dir='ltr'>popinones</span> <span class='ocrx_word' id='word_1_221' title='bbox 677 3719 769 3769; x_wconf 77' lang='lat' dir='ltr'>Remus</span> <span class='ocrx_word' id='word_1_222' title='bbox 784 3721 896 3768; x_wconf 78' lang='lat' dir='ltr'>conuicio</span> <span class='ocrx_word' id='word_1_223' title='bbox 907 3719 1002 3770; x_wconf 85' lang='lat' dir='ltr'>iudicro</span> <span class='ocrx_word' id='word_1_224' title='bbox 1014 3720 1063 3770; x_wconf 86' lang='lat' dir='ltr'>dici</span> <span class='ocrx_word' id='word_1_225' title='bbox 1073 3722 1141 3770; x_wconf 87' lang='lat' dir='ltr'>soie-</span> 
     </span>
     <span class='ocr_line' id='line_1_30' title="bbox 115 3799 1141 3863; baseline 0.001 -14"><span class='ocrx_word' id='word_1_226' title='bbox 115 3800 165 3849; x_wconf 89' lang='lat' dir='ltr'>bnt.</span> <span class='ocrx_word' id='word_1_227' title='bbox 177 3817 190 3843; x_wconf 70' lang='grc' dir='ltr'><strong>ι</strong></span> <span class='ocrx_word' id='word_1_228' title='bbox 205 3825 236 3836; x_wconf 93' lang='grc'>-</span> <span class='ocrx_word' id='word_1_229' title='bbox 252 3818 264 3844; x_wconf 73' lang='grc' dir='ltr'>α</span> <span class='ocrx_word' id='word_1_230' title='bbox 278 3799 330 3850; x_wconf 87' lang='lat' dir='ltr'>iioc</span> <span class='ocrx_word' id='word_1_231' title='bbox 340 3804 426 3851; x_wconf 83' lang='lat' dir='ltr'>autem</span> <span class='ocrx_word' id='word_1_232' title='bbox 439 3803 502 3851; x_wconf 82' lang='lat' dir='ltr'>sciro</span> <span class='ocrx_word' id='word_1_233' title='bbox 515 3801 627 3862; x_wconf 74' lang='lat' dir='ltr'>iurabit,</span> <span class='ocrx_word' id='word_1_234' title='bbox 638 3800 706 3851; x_wconf 84' lang='lat' dir='ltr'>bunc</span> <span class='ocrx_word' id='word_1_235' title='bbox 719 3801 889 3852; x_wconf 81' lang='lat' dir='ltr'>Rumonosiro</span> <span class='ocrx_word' id='word_1_236' title='bbox 899 3815 995 3852; x_wconf 87' lang='lat' dir='ltr'>morem</span> <span class='ocrx_word' id='word_1_237' title='bbox 1009 3802 1098 3863; x_wconf 81' lang='lat' dir='ltr'>tuisse,</span> <span class='ocrx_word' id='word_1_238' title='bbox 1111 3807 1141 3851; x_wconf 82' lang='lat' dir='ltr'>ut</span> 
     </span>
     <span class='ocr_line' id='line_1_31' title="bbox 114 3883 1140 3945; baseline 0.002 -12"><span class='ocrx_word' id='word_1_239' title='bbox 114 3883 144 3934; x_wconf 85' lang='lat' dir='ltr'>do</span> <span class='ocrx_word' id='word_1_240' title='bbox 154 3895 182 3933; x_wconf 83' lang='lat' dir='ltr'>re</span> <span class='ocrx_word' id='word_1_241' title='bbox 195 3883 308 3945; x_wconf 71' lang='lat' dir='ltr'>audibat</span> <span class='ocrx_word' id='word_1_242' title='bbox 319 3884 415 3934; x_wconf 85' lang='lat' dir='ltr'>dicturo</span> <span class='ocrx_word' id='word_1_243' title='bbox 425 3884 567 3935; x_wconf 78' lang='lat' dir='ltr'>subicerent</span> <span class='ocrx_word' id='word_1_244' title='bbox 576 3888 639 3934; x_wconf 73' lang='lat' dir='ltr'>note</span> <span class='ocrx_word' id='word_1_245' title='bbox 649 3883 766 3935; x_wconf 85' lang='lat' dir='ltr'>breves...</span> <span class='ocrx_word' id='word_1_246' title='bbox 778 3885 856 3935; x_wconf 83' lang='lat' dir='ltr'>tribus</span> <span class='ocrx_word' id='word_1_247' title='bbox 868 3885 941 3936; x_wconf 83' lang='lat' dir='ltr'>lineis</span> <span class='ocrx_word' id='word_1_248' title='bbox 952 3887 978 3934; x_wconf 91' lang='lat' dir='ltr'>in</span> <span class='ocrx_word' id='word_1_249' title='bbox 990 3885 1075 3934; x_wconf 86' lang='lat' dir='ltr'>charta</span> <span class='ocrx_word' id='word_1_250' title='bbox 1085 3885 1140 3935; x_wconf 85' lang='lat' dir='ltr'>des·</span> 
     </span>
     <span class='ocr_line' id='line_1_32' title="bbox 113 3967 1139 4032; baseline -0.001 -17"><span class='ocrx_word' id='word_1_251' title='bbox 113 3967 197 4030; x_wconf 80' lang='lat' dir='ltr'>criptis</span> <span class='ocrx_word' id='word_1_252' title='bbox 207 3969 378 4025; x_wconf 81' lang='lat' dir='ltr'>et-annotatis,</span> <span class='ocrx_word' id='word_1_253' title='bbox 392 3968 429 4017; x_wconf 89' lang='lat' dir='ltr'>sic</span> <span class='ocrx_word' id='word_1_254' title='bbox 439 3971 558 4018; x_wconf 89' lang='lat' dir='ltr'>continua</span> <span class='ocrx_word' id='word_1_255' title='bbox 566 3970 678 4018; x_wconf 87' lang='lat' dir='ltr'>orations</span> <span class='ocrx_word' id='word_1_256' title='bbox 688 3969 768 4019; x_wconf 83' lang='lat' dir='ltr'>dicere</span> <span class='ocrx_word' id='word_1_257' title='bbox 780 3973 906 4032; x_wconf 76' lang='lat' dir='ltr'>personet,</span> <span class='ocrx_word' id='word_1_258' title='bbox 921 3969 983 4019; x_wconf 87' lang='lat' dir='ltr'>bora</span> <span class='ocrx_word' id='word_1_259' title='bbox 991 3973 1076 4018; x_wconf 72' lang='lat' dir='ltr'>nmen</span> <span class='ocrx_word' id='word_1_260' title='bbox 1088 3979 1139 4015; x_wconf 90' lang='lat' dir='ltr'>non</span> 
     </span>
     <span class='ocr_line' id='line_1_33' title="bbox 115 4049 649 4115; baseline 0 -15"><span class='ocrx_word' id='word_1_261' title='bbox 115 4051 223 4115; x_wconf 82' lang='lat' dir='ltr'>amplius</span> <span class='ocrx_word' id='word_1_262' title='bbox 233 4062 294 4100; x_wconf 90' lang='lat' dir='ltr'>uua.</span> <span class='ocrx_word' id='word_1_263' title='bbox 304 4049 415 4100; x_wconf 77' lang='lat' dir='ltr'>--vid</span> <span class='ocrx_word' id='word_1_264' title='bbox 425 4051 503 4100; x_wconf 84' lang='lat' dir='ltr'>Gatai.</span> <span class='ocrx_word' id='word_1_265' title='bbox 516 4064 557 4114; x_wconf 86' lang='lat' dir='ltr'>op.</span> <span class='ocrx_word' id='word_1_266' title='bbox 571 4051 649 4101; x_wconf 80' lang='lat' dir='ltr'>Romi.</span> 
     </span>
     <span class='ocr_line' id='line_1_34' title="bbox 144 4131 1139 4198; baseline -0.002 -14"><span class='ocrx_word' id='word_1_267' title='bbox 144 4132 180 4198; x_wconf 78' lang='lat'>(5)</span> <span class='ocrx_word' id='word_1_268' title='bbox 196 4133 235 4184; x_wconf 81' lang='lat' dir='ltr'>Ex</span> <span class='ocrx_word' id='word_1_269' title='bbox 244 4145 353 4198; x_wconf 84' lang='lat' dir='ltr'>quorum</span> <span class='ocrx_word' id='word_1_270' title='bbox 362 4133 524 4197; x_wconf 82' lang='lat' dir='ltr'>expiicatione</span> <span class='ocrx_word' id='word_1_271' title='bbox 535 4133 586 4185; x_wconf 90' lang='lat' dir='ltr'>duo</span> <span class='ocrx_word' id='word_1_272' title='bbox 600 4135 653 4184; x_wconf 90' lang='lat' dir='ltr'>iibri</span> <span class='ocrx_word' id='word_1_273' title='bbox 666 4137 741 4185; x_wconf 79' lang='lat' dir='ltr'>exorti</span> <span class='ocrx_word' id='word_1_274' title='bbox 754 4137 828 4194; x_wconf 81' lang='lat' dir='ltr'>sunt,</span> <span class='ocrx_word' id='word_1_275' title='bbox 838 4133 869 4182; x_wconf 87' lang='lat' dir='ltr'>ad</span> <span class='ocrx_word' id='word_1_276' title='bbox 877 4132 994 4183; x_wconf 82' lang='lat' dir='ltr'>Carnium</span> <span class='ocrx_word' id='word_1_277' title='bbox 1005 4131 1139 4182; x_wconf 87' lang='lat' dir='ltr'>Lotirarin-</span> 
     </span>
     <span class='ocr_line' id='line_1_35' title="bbox 30 4214 1142 4295; baseline 0 -29"><span class='ocrx_word' id='word_1_278' title='bbox 30 4249 31 4295; x_wconf 45' lang='lat' dir='ltr'>p</span> <span class='ocrx_word' id='word_1_279' title='bbox 115 4229 174 4276; x_wconf 71' lang='lat' dir='ltr'>gum</span> <span class='ocrx_word' id='word_1_280' title='bbox 186 4229 255 4267; x_wconf 84' lang='lat' dir='ltr'>anno</span> <span class='ocrx_word' id='word_1_281' title='bbox 269 4219 351 4268; x_wconf 70' lang='lat' dir='ltr'>itata</span> <span class='ocrx_word' id='word_1_282' title='bbox 363 4217 442 4268; x_wconf 74' lang='lat' dir='ltr'>Rauso</span> <span class='ocrx_word' id='word_1_283' title='bbox 450 4220 520 4268; x_wconf 84' lang='lat' dir='ltr'>missi</span> <span class='ocrx_word' id='word_1_284' title='bbox 531 4237 537 4267; x_wconf 75' lang='grc' dir='ltr'><em>ι</em></span> <span class='ocrx_word' id='word_1_285' title='bbox 550 4231 658 4280; x_wconf 84' lang='lat' dir='ltr'>quorum</span> <span class='ocrx_word' id='word_1_286' title='bbox 676 4229 741 4267; x_wconf 87' lang='lat' dir='ltr'>unus</span> <span class='ocrx_word' id='word_1_287' title='bbox 759 4217 794 4266; x_wconf 78' lang='lat' dir='ltr'>lis</span> <span class='ocrx_word' id='word_1_288' title='bbox 805 4215 916 4266; x_wconf 86' lang='lat' dir='ltr'>moribus</span> <span class='ocrx_word' id='word_1_289' title='bbox 927 4218 1040 4264; x_wconf 80' lang='lat' dir='ltr'>veterum</span> <span class='ocrx_word' id='word_1_290' title='bbox 1057 4214 1142 4266; x_wconf 85' lang='lat' dir='ltr'>Gaiio·</span> 
     </span>
     <span class='ocr_line' id='line_1_36' title="bbox 31 4297 1109 4389; baseline 0 -40"><span class='ocrx_word' id='word_1_291' title='bbox 31 4303 34 4389; x_wconf 57' lang='lat' dir='ltr'>p</span> <span class='ocrx_word' id='word_1_292' title='bbox 117 4310 188 4359; x_wconf 85' lang='lat' dir='ltr'>mm,</span> <span class='ocrx_word' id='word_1_293' title='bbox 202 4297 265 4350; x_wconf 87' lang='lat' dir='ltr'>aiter</span> <span class='ocrx_word' id='word_1_294' title='bbox 276 4299 312 4348; x_wconf 79' lang='lat' dir='ltr'>ite</span> <span class='ocrx_word' id='word_1_295' title='bbox 326 4300 415 4349; x_wconf 83' lang='lat' dir='ltr'>militia</span> <span class='ocrx_word' id='word_1_296' title='bbox 427 4300 529 4350; x_wconf 75' lang='lat' dir='ltr'>cacans</span> <span class='ocrx_word' id='word_1_297' title='bbox 539 4300 726 4350; x_wconf 84' lang='lat' dir='ltr'>inscribebatur.</span> <span class='ocrx_word' id='word_1_298' title='bbox 739 4299 792 4348; x_wconf 85' lang='lat' dir='ltr'>vid.</span> <span class='ocrx_word' id='word_1_299' title='bbox 807 4297 870 4348; x_wconf 83' lang='lat' dir='ltr'>inira</span> <span class='ocrx_word' id='word_1_300' title='bbox 882 4298 961 4348; x_wconf 81' lang='lat' dir='ltr'>Catai.</span> <span class='ocrx_word' id='word_1_301' title='bbox 974 4311 1016 4361; x_wconf 91' lang='lat' dir='ltr'>op.</span> <span class='ocrx_word' id='word_1_302' title='bbox 1028 4298 1109 4352; x_wconf 73' lang='lat' dir='ltr'>flami.</span> 
     </span>
     <span class='ocr_line' id='line_1_37' title="bbox 32 4409 34 4438; baseline 0 0"><span class='ocrx_word' id='word_1_303' title='bbox 32 4409 34 4438; x_wconf 89' lang='lat' dir='ltr'>i</span> 
     </span>
    </p>
   </div>
   <div class='ocr_carea' id='block_1_9' title="bbox 977 4383 995 4441">
    <p class='ocr_par' dir='ltr' id='par_1_12' title="bbox 977 4383 995 4441">
     <span class='ocr_line' id='line_1_38' title="bbox 977 4383 995 4441; baseline 0 0"><span class='ocrx_word' id='word_1_304' title='bbox 977 4383 995 4441; x_wconf 78' lang='lat' dir='ltr'>is</span> 
     </span>
    </p>
   </div>
   <div class='ocr_carea' id='block_1_10' title="bbox 0 0 1484 5062">
    <p class='ocr_par' dir='ltr' id='par_1_13' title="bbox 0 0 1484 5062">
     <span class='ocr_line' id='line_1_39' title="bbox 0 0 1484 5062; baseline 0 0"><span class='ocrx_word' id='word_1_305' title='bbox 0 0 1484 5062; x_wconf 95' lang='lat' dir='ltr'> </span> 
     </span>
    </p>
   </div>
  </div>
 </body>
</html>
