2912 5066
536 369 752 447 -ltt-

128 533 235 606 veluti
248 531 469 603 scientiarum
483 531 710 604 architectura
723 541 795 604 est:
812 539 917 622 atque
930 531 996 602 hao
1007 532 1042 602 in
1056 541 1153 625 parte

129 653 252 724 melius
268 649 393 720 meruit
410 650 557 740 llamus,
579 651 615 721 in
632 651 772 744 optimis
796 651 862 722 illis
880 651 1008 742 regulis
1024 659 1153 728 καθόλου

129 787 265 865 πρῶτον,
294 778 374 844 κατὰ
400 776 528 854 παντός,
561 769 702 844 καθἀὑτό
728 769 953 858 renovandiS,
983 790 1090 861 quam
1119 770 1162 840 in·

132 888 235 960 unica
260 868 423 958 methodo
450 907 513 982 sua
538 891 573 956 et
600 886 819 959 dichotomiis
847 887 1152 963 obtrudendis......

130 1007 301 1078 donatum
317 1005 415 1078 Rami
435 1005 470 1074 in
486 1005 552 1075 hac
566 1015 664 1098 parte
683 1007 800 1078 utilem
817 1007 923 1078 luisse
938 1027 1008 1078 non
1021 1006 1156 1078 inficia-

132 1145 210 1194 mur
224 1121 292 1218 (l).
311 1148 329 1191 »
345 1122 394 1192 Sit
412 1122 517 1214 igitur
530 1123 655 1216 triplici
668 1122 878 1213 Aristotelis,
894 1124 1011 1210 llami,
1028 1124 1157 1198 Baooni

130 1239 337 1312 auctoritate
371 1238 572 1312 confirmata
604 1241 801 1330 regularum
837 1240 980 1312 istarum
1014 1242 1154 1313 veritas.

132 1359 284 1430 Dubium
303 1367 418 1430 tamen
436 1367 489 1429 est
506 1366 622 1430 utrum
641 1357 687 1428 ad
701 1349 974 1430 enuntiationem
990 1381 1073 1432 uere
1093 1368 1155 1432 n'e-

134 1478 340 1566 cessariam,
368 1498 428 1547 an'
442 1474 488 1547 ad
509 1496 589 1547 eam
622 1476 861 1548 tantummodo
889 1485 1043 1570 spectent
1075 1499 1157 1569 quae

134 1595 369 1690 comparando
397 1602 434 1664 et
467 1591 700 1668 abstrahendo
731 1593 934 1684 colligitur:
959 1616 1066 1686 qnam
1092 1617 1156 1696 pro

134 1715 328 1788 necessaria
342 1713 554 1801 Aristotelen,
571 1713 741 1804 stoioique
757 1722 791 1785 et
807 1714 946 1807 plurimi
961 1716 1157 1809 philosophi

135 1831 305 1904 immerito
321 1831 485 1902 habuisse
502 1830 585 1900 mihi
609 1831 782 1925 uidentur.
803 1833 877 1903 Hoc
892 1833 1011 1923 itaque
1026 1833 1159 1907 Aristo.-

136 1948 273 2040 telioum
287 1947 323 2017 in
339 1948 448 2019 llamo
461 1967 531 2017 non
544 1946 632 2018 adeo
649 1946 732 2016 mihi
749 1947 886 2039 placere
900 1950 1021 2020 fateor.
1040 1951 1078 2021 ln
1089 1951 1157 2022 alio

135 2074 256 2137 eontra
272 2065 399 2158 capite,
419 2066 500 2137 dum
520 2066 566 2136 ab
582 2062 765 2140 Aristotele
784 2066 961 2154 dissentit,
981 2069 1098 2139 nescio
1113 2089 1158 2139 an

131 2188 210 2276 jure
224 2185 270 2255 ad
286 2184 375 2254 duas
390 2184 665 2278 propositionum
688 2185 761 2256 sive
781 2185 1055 2259 enuntiationum
1077 2210 1156 2281 spe·

136 2303 205 2374 cies
223 2301 358 2372 tertiam
377 2301 540 2392 adjecerit
560 2323 679 2372 earum
700 2322 787 2391 quas
811 2301 885 2393 ipse
900 2310 1069 2396 proprius,
1092 2303 1158 2382 Ars

136 2429 250 2490 antem
266 2417 441 2508 cogitandi
455 2419 637 2510 singulares
650 2425 753 2488 vocat
764 2415 828 2511 (2).
1255 2397 1263 2405 ⁸

183 2539 305 2609 Melius
333 2537 410 2625 ille,
433 2558 511 2606 meo
535 2536 677 2628 quidem
697 2536 848 2626 judicio,
879 2537 914 2607 in
942 2537 983 2608 iis
1004 2558 1085 2628 quae
1115 2541 1160 2611 de

135 2655 281 2749 simplici
296 2654 496 2748 syllogismo
516 2676 563 2724 ex
582 2652 763 2729 Aristotele
778 2654 933 2744 retinuit3
952 2656 1049 2746 quod
1067 2657 1159 2732 enim

135 2777 226 2846 male
243 2774 287 2846 de
301 2773 463 2846 universa
481 2772 579 2843 Rami
593 2773 707 2864 logica
721 2772 876 2867 llapinus
894 2774 983 2844 dixit
1000 2772 1071 2868 (3),
1092 2775 1160 2846 lroo

136 2894 171 2968 in
193 2894 270 2966 looo
292 2893 412 2962 saltem
432 2890 675 2962 affirmaverim
698 2917 706 2960 :
726 2913 807 2962 narn
832 2913 910 2962 cum
933 2915 1016 2966 vera
1036 2893 1104 2966 sint
1124 2895 1159 2964 in

136 3031 177 3080 ea
198 3009 321 3100 logicae
339 3018 437 3102 parte
460 3022 693 3101 quaecumque
716 3018 797 3080 sunt
822 3009 1031 3098 Aristotelis,
1053 3012 1160 3082 dubia

135 3135 217 3197 sunt
231 3135 291 3198 aut
309 3128 393 3197 lalsa
410 3147 524 3218 quaea
543 3126 665 3197 ceteris
683 3126 804 3217 logicis
822 3127 940 3197 addita
956 3130 1008 3198 vel
1028 3137 1159 3198 mutata

137 3252 228 3316 sunt.
260 3244 395 3314 Scilicet
416 3246 563 3331 Eamus,
592 3243 886 3334 quemadmodum
915 3244 1073 3337 proprias
1096 3267 1156 3315 seu

137 3361 329 3452 singulares
347 3362 598 3434 enuntiationes
615 3359 650 3430 in
668 3360 816 3450 logicam
834 3361 1092 3444 introduxerat,
1111 3363 1159 3439 ita

137 3503 266 3553 novum
296 3483 474 3573 quoddam
501 3481 722 3574 propriorum
745 3479 1021 3572 syllogismorum
1052 3501 1162 3572 genus

137 3599 283 3690 adjecit;
311 3599 368 3669 cui
384 3599 523 3691 quidem
542 3598 681 3678 invento
708 3596 847 3668 minime
873 3597 1053 3690 suffragari
1077 3620 1159 3691 poss

167 3885 206 3949 (t)
221 3885 255 3934 lle
268 3887 395 3946 augment.
406 3884 505 3942 solent„
519 3880 536 3931 l.
548 3881 588 3942 Vl,
599 3895 620 3931 o.
632 3886 656 3936 2.

167 3967 203 4028 (2)
220 3967 264 4016 Art
274 3955 305 4016 de
318 3978 416 4028 ponaer,
427 3969 491 4027 part.
504 3964 526 4026 l,
537 3978 560 4018 c,
569 3971 608 4022 o.;
621 3969 683 4027 part.
696 3965 730 4022 ll,
747 3978 767 4012 o.
780 3969 803 4012 3.

169 4048 204 4112 (3)
220 4049 249 4101 R.
262 4048 354 4112 Rapta,
371 4045 464 4102 lle'llex.
476 4060 520 4096 sur
532 4049 556 4096 la
573 4048 714 4108 lupanas
732 4046 791 4118 llll:
812 4045 918 4094 «L'ldo'e
937 4058 986 4106 que
1004 4045 1096 4094 llamus
1114 4045 1164 4106 prlt

137 4133 169 4184 dc
179 4145 207 4182 sa
219 4132 336 4184 nouvelle
346 4131 495 4194 dlaleothue
506 4131 546 4184 n'a
557 4132 610 4180 rlen
621 4131 651 4180 de
661 4123 819 4184 raisonnalilc
827 4139 876 4188 que
887 4140 915 4178 ce
926 4129 988 4190 qu'il
1002 4141 1016 4176 a
1031 4127 1165 4190 emprdnut

137 4219 167 4266 de
178 4218 202 4268 la
214 4216 360 4277 dialeothue
371 4216 514 4274 d'Arlstote,
527 4213 589 4276 qu'll
602 4227 616 4262 a
628 4211 696 4273 gallea
707 4225 738 4262 en
750 4211 854 4267 roulant
864 4211 887 4261 la
900 4211 1047 4261 reformem

965 4299 1003 4361 10
