2916 5062
527 359 716 430 ...17-

111 537 177 612 oet,
189 545 394 622 quanquam
404 522 515 613 magis
525 530 714 615 temperata
724 523 788 593 luit
801 521 972 615 paradoxi
986 523 1132 615 speeies,

109 657 228 718 tamen
260 640 602 736 reprehendebantur
633 638 833 712 Aristoteles
870 650 904 712 et
941 639 1135 714 Aristotelcl

111 764 240 838 acriori
264 761 406 854 quidem
429 761 539 854 style,
566 781 673 850 quam
692 770 730 830 nt
749 761 806 831 tali
826 768 980 852 tempore
998 761 1135 831 tolerari

111 891 231 977 posset
246 879 315 975 (t).
328 879 443 962 Quum
457 885 573 948 antem
589 878 625 956 in
638 878 837 958 academica
854 878 942 948 thesi
955 878 1062 948 verba
1076 900 1138 949 vo·

111 1005 207 1089 lare,
232 999 362 1091 scripte
379 1017 463 1072 vero
481 1017 621 1071 manere
640 997 804 1069 sentirent
826 998 901 1087 ejus
923 997 1135 1087 adversarii,

113 1119 197 1190 inde
220 1119 417 1192 factumest
438 1122 475 1183 ut
496 1113 588 1184 idem
613 1113 669 1186 ille
684 1115 834 1202 Remus,
860 1117 959 1207 cujus
976 1115 1082 1187 nimie
1103 1116 1139 1196 in

115 1235 244 1312 artium
261 1231 459 1323 magisterio
476 1230 700 1324 adipiscendo
714 1232 888 1312 temeritas
900 1233 1042 1325 impune
1058 1233 1140 1304 fuis

114 1362 190 1440 set,
207 1352 321 1426 minus
338 1349 420 1422 felix
434 1349 470 1419 in
484 1349 681 1438 scribendo,
697 1351 792 1429 omni
810 1370 915 1441 poena
930 1350 1072 1430 allectus
1084 1359 1140 1440 et,

116 1478 154 1539 nt
172 1469 222 1546 ita
240 1467 374 1556 dicam,
398 1487 585 1558 oppressus
601 1465 714 1545 fuerit.

164 1585 234 1658 Vix
248 1584 388 1656 enimin
402 1585 514 1654 lucem
527 1582 610 1654 editi
620 1593 701 1654 sunt
712 1592 747 1653 et
758 1582 954 1654 avidissime
969 1603 990 1652 a
1003 1583 1160 1674 quibus=

116 1696 199 1776 dam
214 1694 354 1788 perlecti
366 1693 492 1785 gemini
504 1692 603 1780 libri,
616 1714 726 1784 quum
741 1693 959 1764 vehementer
972 1700 1144 1772 commota

116 1805 330 1888 Universitas
352 1813 486 1884 rectore
510 1805 546 1882 P,
567 1803 767 1892 Gallandio,
792 1803 969 1880 decretum
986 1803 1144 1893 Judicum

117 1933 202 1996 ente
219 1921 335 2002 omnio
353 1921 520 2010 obtinuit,
536 1942 608 2017 quo
625 1921 796 2002 temerarii
813 1921 917 2002 libelli
935 1920 1049 2001 statim
1063 1942 1146 2013 sup·

118 2039 232 2136 pressi
246 2049 345 2130 sunt,
359 2047 399 2108 ut
411 2038 472 2129 qui
484 2037 716 2132 periculosum
732 2060 849 2118 rerum
866 2059 1035 2118 novarum
1051 2059 1147 2107 amo·

119 2182 194 2231 rem
218 2157 503 2238 scholasticorum
529 2156 701 2238 mentibus
726 2157 924 2247 injicerent,
955 2165 989 2236 et
1011 2153 1145 2236 Aristo-

11 2361 12 2364 *
120 2278 200 2367 teli,
236 2277 273 2349 id
300 2284 352 2347 est
380 2283 535 2364 naturae,
569 2275 703 2346 veritati
729 2285 764 2346 et
789 2276 889 2369 quasi
913 2276 979 2356 (leo
1009 2273 1147 2358 cuidam

11 2375 12 2386 ἵ
119 2396 227 2490 impie
241 2402 475 2495 repugnarent
484 2390 552 2490 (2).
574 2393 643 2465 Sed
659 2393 704 2465 dc
721 2394 774 2464 his
790 2395 912 2466 melius
921 2394 1145 2474 Andomarus

119 2517 261 2597 Talaens
281 2514 318 2596 in
334 2515 507 2594 Academia
521 2513 593 2608 (3),
619 2515 717 2611 cujus
736 2513 889 2595 narret-io
909 2515 979 2596 lere
1000 2524 1072 2598 tota
1091 2515 1147 2600 bic

121 2632 313 2728 repetenda
329 2642 413 2713 est,¹

176 2777 195 2824 c
223 2753 300 2828 Duo
325 2752 518 2845 praesertim
542 2751 699 2823 homines
726 2760 795 2829 tam
823 2751 1043 2824 vehementer
1071 2754 1148 2832 irati

124 2871 360 2962 commotique
382 2879 463 2942 sunt
485 2868 562 2966 (l),
587 2879 626 2942 ut
648 2870 709 2961 qui
727 2869 944 2948 Aristotelem
967 2873 1148 2964 reprehen-

154 3121 193 3186 (l)
209 3121 265 3172 «Co
278 3123 320 3184 qul
332 3121 355 3172 le
367 3119 394 3170 ot
404 3124 459 3170 tent
469 3120 555 3171 heir...
567 3121 598 3172 de
609 3125 678 3171 toute
687 3121 843 3171 l'llnlversile
851 3125 910 3185 (per
918 3123 1029 3173 muniere
1039 3125 1070 3174 de
1078 3124 1150 3184 dire),

126 3218 155 3256 cs
173 3205 212 3258 lut
229 3203 291 3267 qu’ll
307 3203 337 3254 llt
349 3205 393 3255 des
406 3205 619 3255 cnlmndverslons
634 3203 869 3269 comprehensione
883 3207 1055 3265 suroristote,
1071 3207 1150 3268 lequel

126 3289 189 3345 etolt
200 3291 260 3340 tenu
271 3300 369 3338 comme
376 3300 439 3352 pour
450 3301 486 3344 un
496 3287 553 3343 dieu
562 3288 606 3340 des
615 3287 730 3355 escollcrs
740 3287 771 3338 de
779 3301 824 3346 son
834 3293 929 3350 temps,
940 3294 965 3338 cl
977 3293 1061 3343 contre
1070 3289 1152 3350 lequel

11 3427 12 3438 χ
125 3373 219 3422 escrlrc
228 3384 263 3424 ou
272 3371 411 3432 sebendcr,
423 3372 517 3428 e’estolt
529 3371 636 3428 ollenser
646 3383 691 3434 par
707 3375 778 3434 trop:
793 3382 891 3421 comme
909 3372 929 3419 sl
940 3371 1153 3428 Aristolen’estoil

126 3467 172 3516 pes
184 3453 302 3513 homme,
312 3457 337 3510 ct
346 3466 392 3517 per
401 3452 554 3516 consequent
569 3453 676 3514 subject
690 3452 794 3514 billinc
809 3454 843 3503 Lc
855 3451 926 3502 Groix
937 3453 971 3502 du
980 3453 1078 3519 llnlne,
1089 3455 1153 3516 sibl.

127 3533 266 3594 francone,
277 3537 297 3582 t.
311 3533 332 3583 ll
344 3568 351 3595 ‚
361 3537 407 3584 art.
420 3534 501 3583 Pleno
510 3534 541 3584 dc
552 3534 576 3584 lo
587 3533 688 3590 lismee.

160 3618 196 3678 (2)
214 3616 251 3665 llo
263 3616 367 3678 Boulny,
376 3616 440 3672 lllst,
451 3620 562 3667 univers.
570 3617 659 3678 Paris,
667 3621 686 3676 t.
699 3616 744 3673 Vl.
756 3629 779 3684 p.
794 3619 837 3668 ost
852 3629 922 3680 βψω
932 3618 969 3668 ci.
980 3619 1032 3680 lac.
1042 3619 1154 3684 carpens

128 3702 186 3758 larii
197 3699 331 3772 enimenin,
345 3703 371 3749 ln
382 3704 433 3756 tres
443 3700 518 3772 libros
528 3700 626 3752 dialect.
637 3703 823 3752 institutionum
834 3702 860 3762 P,
876 3701 962 3762 Remi,
980 3702 1022 3762 lol.
1037 3709 1065 3756 10
1082 3717 1155 3768 sqq.;

128 3775 210 3846 ejusd.
220 3782 339 3845 Respons.
346 3784 378 3838 ed
389 3783 499 3846 Exposlt
508 3785 539 3834 de
548 3785 638 3846 moth„
646 3789 731 3836 contre
739 3785 886 3844 Thessalum
893 3786 1067 3846 Ossntum,lol.
1076 3791 1090 3838 l
1100 3800 1154 3851 sqq.

161 3863 198 3927 (3)
214 3863 359 3914 belselel
366 3865 496 3915 Academia
503 3900 511 3927 ,
520 3865 550 3914 ad
560 3865 712 3914 cardinalem
722 3865 913 3928 Lolhnrlngum,
921 3879 982 3926 nnn.
995 3870 1068 3928 15485
1079 3881 1155 3929 quem

128 3948 255 4008 legcrcest
262 3949 289 3998 ln
296 3947 324 3997 P.
331 3947 402 4005 llami
411 3952 437 4004 ct
444 3947 587 3998 neelami
595 3948 758 3998 collectaneis
766 3948 860 4012 pretet.
867 3951 938 4012 epist.
949 3954 1012 3998 oret.
1019 3949 1055 4008 cl.
1064 3950 1156 4010 srclg„

130 4031 203 4092 ibid„
212 4045 239 4094 p.
253 4035 282 4081 ll
292 4029 405 4094 sqq.;bc
415 4029 507 4081 Leunoi
516 4067 524 4092 ,
534 4031 569 4081 lle
578 4032 729 4090 veriolrlst.
740 4035 766 4080 ln
779 4032 855 4084 Acco.
866 4031 943 4090 Poris,
956 4031 1068 4090 lectuna.
1080 4043 1102 4090 c.
1118 4035 1155 4096 13,

133 4120 178 4174 1⁴3
192 4115 231 4164 Du
244 4115 347 4178 Boulay,
355 4115 374 4172 l.
385 4129 408 4164 c.
418 4115 487 4175 μου.
500 4113 614 4177 Carpent.
626 4151 633 4174 ,
646 4114 703 4172 lblcl.
715 4150 723 4176 ,
734 4119 781 4166 etc.
1075 4122 1080 4128 ·

163 4199 201 4262 (t)
212 4197 241 4247 lll
258 4199 308 4249 cluo
326 4204 397 4249 erent
408 4219 414 4248 ε
427 4199 570 4252 tocchlmus
582 4199 720 4264 Petronius,
735 4199 819 4248 doctor
831 4197 972 4257 sorbonico
991 4197 1034 4260 (oc
1044 4213 1094 4262 qno
1105 4203 1156 4264 vla,

979 4287 998 4355 2
