2912 5066
480 467 698 542 --155--ι

135 639 229 722 Quid
246 635 375 708 Remus
391 634 426 704 iu
443 635 675 706 ratiocinandi·
692 643 766 704 arte
782 623 951 704 invenerit
963 627 1113 704 breviter

86 754 341 848 exposuimus:
366 772 471 842 quam
486 751 625 841 quidem
644 751 691 822 ita
706 751 880 839 excoluit,
901 759 939 820 ut
956 771 1043 843 pene
1058 772 1114 822 co·

85 873 222 964 gitandi
251 880 361 942 artem
387 880 421 940 et
446 870 548 962 quasi
574 871 753 944 seientiam
780 870 943 940 humanae
970 869 1114 942 rationis

86 991 250 1062 effecerit.
267 991 306 1060 ln
319 989 385 1059 hac
401 989 492 1059 enim
519 988 563 1059 de
582 990 743 1060 omnihus
757 987 990 1080 intelligentiae
1008 987 1114 1057 facul-

86 1109 219 1180 tatibus
246 1128 484 1199 quascumque
508 1107 582 1200 ipse
604 1116 767 1196 noverat,
796 1107 978 1194 disseruit3
1009 1107 1113 1197 hujus

87 1249 164 1298 esse
183 1226 357 1317 quidquid
379 1225 425 1297 ad
445 1225 602 1296 idearum
624 1226 857 1297 inventionem
877 1234 912 1296 et
929 1247 1029 1294 usum
1053 1233 1114 1294 aut

89 1345 353 1438 dispositionem
371 1344 539 1436 pertineat
555 1351 753 1414 constanter
765 1343 900 1430 docuit,
920 1342 967 1412 ita
987 1355 1113 1412 utnon

87 1463 160 1534 veri
193 1471 328 1532 tantum
355 1460 632 1551 inquisitionem,
661 1460 725 1532 sed
749 1459 884 1552 pulchri
911 1479 1054 1550 quoque
1078 1468 1112 1529 et

89 1581 208 1652 decori
228 1579 398 1670 judicium
416 1579 566 1670 logicum
586 1601 675 1672 opus
701 1599 777 1650 esse
797 1578 1016 1650 affirmaverit
1036 1575 1109 1670 (l);

90 1719 161 1789 quo
186 1706 310 1790 pacto,
339 1695 452 1788 priore
474 1697 547 1786 jam
571 1705 715 1768 extensa
734 1696 858 1787 logicae
878 1695 1029 1766 materia
1051 1718 1114 1789 per

89 1816 369 1908 syllogismorum
387 1815 658 1907 compositorum
674 1824 708 1886 et
730 1815 964 1905 quaestionum
978 1813 1022 1884 de
1038 1835 1113 1888 me·

91 1932 199 2003 thodo
213 1930 487 2022 adjunctionem,
503 1952 633 2003 novum
653 1932 756 2002 etiam
769 1931 926 2022 subjecit.

139 2048 210 2119 Sed
230 2048 393 2138 quoniam
414 2048 498 2120 satis
512 2048 685 2140 quidquid
705 2049 741 2118 in
759 2069 970 2141 unaquaque
987 2051 1112 2120 artium

93 2164 286 2235 liberalium
322 2165 548 2258 philosophus
577 2173 694 2236 noster
721 2165 870 2238 effecerit
899 2175 959 2236 aut
992 2169 1115 2238 saltem

92 2283 275 2354 tentaverit
300 2284 431 2354 dictum
457 2284 520 2372 sit,
544 2285 618 2374 iam
633 2307 726 2357 nuuc
743 2285 866 2356 altiora
884 2285 1110 2370 meditemur,

94 2409 126 2470 et
138 2402 224 2492 quid
237 2403 378 2494 patriae,
392 2403 478 2494 quid
490 2403 608 2493 generi
620 2403 772 2474 humano
785 2403 874 2473 intra
884 2403 1113 2496 philosophiae

94 2518 179 2590 fines
196 2522 362 2613 profuerit
376 2543 562 2615 parumper
578 2521 810 2595 attendamus.

140 2640 167 2707 1.
196 2640 359 2730 Quisquis
383 2641 559 2711 veritatem
588 2641 721 2712 liberali
745 2661 864 2712 amore
890 2648 1111 2733 prosecutus,

93 2757 348 2850 philosophiam
366 2767 444 2829 ante
460 2759 575 2829 omnia
587 2759 688 2847 colit,
709 2760 802 2829 hunc
819 2759 967 2852 primum
984 2759 1078 2829 nulla
1093 2781 1114 2829 a
1161 2809 1167 2826 .

94 2876 273 2968 proposito
290 2877 478 2947 auctoritas
496 2878 668 2948 deterreat
682 2898 822 2948 necesse
835 2886 898 2950 est.
912 2875 997 2946 Cum
1009 2877 1116 2970 igitur

94 3015 133 3064 ea
155 2995 286 3084 ingenii
310 2995 485 3086 animique
500 2995 641 3067 libertas
661 2997 696 3066 in
718 2996 938 3068 reformanda
959 2998 1114 3090 philoso-

95 3113 176 3202 phia
195 3113 411 3204 requiratur,
434 3114 500 3185 hae
523 3114 570 3184 ita
595 3138 681 3186 usus
702 3125 753 3186 est
772 3117 922 3203 Ramus,
947 3125 986 3184 ut
1013 3137 1117 3186 nemo

95 3232 216 3302 melius
235 3253 277 3302 ea
300 3241 397 3324 parte
423 3233 668 3328 philosophum
695 3257 771 3306 sese
798 3255 952 3324 unquam
978 3235 1114 3325 praesti·

96 3355 196 3446 terit:
218 3377 320 3445 quem
343 3376 413 3427 nou
427 3357 608 3427 Sorhonici
627 3355 781 3445 furores,
800 3377 869 3426 uon
889 3356 1117 3426 scholastico-

97 3495 170 3543 rum
186 3472 391 3561 seditiones,
407 3495 477 3544 non
490 3476 686 3547 invidorum
700 3476 841 3547 lethales
853 3475 989 3545 insidiae
1004 3484 1122 3554 mente

97 3591 205 3661 solida
217 3600 361 3682 quatere
373 3594 568 3664 valuerunt.
581 3595 794 3684 Quinetiam,
812 3603 850 3664 ut
864 3589 910 3670 ad
918 3596 1121 3687 exemplum

97 3711 262 3803 praecepti
276 3733 418 3802 quoque
435 3714 488 3783 vis
504 3714 699 3803 accederet,
720 3714 788 3785 hoc
801 3736 871 3785 nou
884 3715 989 3785 semel
1003 3715 1121 3805 palam

98 3829 213 3900 dicere
227 3851 334 3900 ausus
351 3839 422 3920 est,
444 3839 610 3923 tanquam
633 3833 833 3904 recentioris
851 3834 963 3904 aetatis
980 3832 1123 3924 symho‹

127 4147 134 4208 t
140 4146 161 4211 1)
173 4148 256 4198 Schol.
269 4149 394 4209 rhetoric,
408 4149 451 4201 lib.
464 4149 568 4199 1V=esi
585 4151 665 4200 decori
678 4150 810 4199 consilium
822 4153 859 4198 est
869 4147 966 4206 ullum,
978 4149 997 4195 si
1007 4146 1123 4196 doctrino

98 4233 200 4281 astulia
215 4235 321 4295 propria,
337 4233 471 4284 dialectice
487 4236 637 4285 inventionis
652 4234 868 4296 dispositionisque
879 4234 976 4295 proprie
987 4232 1043 4280 erit.
1059 4231 1127 4281 »ct-

98 4315 166 4377 ihld,
182 4316 224 4365 lih.
237 4316 291 4364 lllll
301 4319 357 4366 init.
