2912 5066
523 425 742 498 -tne-

118 603 233 662 minen
253 588 348 660 baud
363 588 452 660 adeo
460 607 616 658 severam
635 613 642 656 :
660 597 860 678 quanquam
872 573 963 656 enim
979 586 1015 657 in
1032 586 1143 678 poetis

117 719 151 779 et
173 705 372 779 oratoribus
392 724 488 797 saepe
511 704 657 797 reperiet
676 704 841 774 inflexum
865 701 1023 801 ordinem
1048 702 1143 794 illum

119 827 243 919 logicae
259 825 467 920 legitimum,
478 845 549 900 non
562 835 677 898 tamen
691 847 752 897 eos
765 827 964 916 damnabit,
979 829 1143 919 quoniam

121 947 187 1016 illis
203 944 393 1038 voluptatis
414 953 474 1016 aut
503 945 658 1018 utilitatis
676 953 780 1018 oertae
798 945 973 1030 studium,
994 967 1064 1017 non
1083 967 1144 1017 ve·

122 1064 232 1136 ritulis
246 1063 465 1156 explicandae
476 1065 694 1158 propositum
705 1074 796 1156 erat;
821 1075 1058 1138 verumtamen
1073 1086 1145 1158 quo

121 1183 259 1276 plenius
274 1202 345 1252 rem
369 1181 480 1275 ipsam
495 1181 683 1268 intueatur,
703 1184 749 1256 ad
765 1185 848 1255 artie
861 1193 1036 1278 praeoepta
1054 1183 1144 1274 logi·

122 1321 186 1370 oue
203 1300 381 1370 revocabit
392 1303 422 1389 (l
431 1297 461 1395 ).
478 1301 658 1373 Scribendi
672 1321 777 1394 porro
792 1300 1003 1392 dicendique
1018 1302 1148 1372 anerei·

122 1418 206 1488 tutio
223 1435 295 1488 uua
308 1426 343 1488 et
358 1417 480 1490 eadem
493 1419 682 1490 monitione
699 1417 1016 1513 comprehenditur,
1037 1441 1147 1510 quan·

122 1555 228 1626 quam
242 1535 383 1628 scriptio
394 1545 517 1608 natura
526 1546 561 1608 et
569 1545 724 1630 tempore
733 1536 828 1630 prior
844 1545 897 1608 est
911 1563 919 1607 :
938 1559 956 1604 a
973 1535 1144 1609 Aceurate

122 1653 214 1724 enim
241 1653 379 1724 dicendi
408 1663 514 1746 eaput
540 1655 834 1748 quamplurimum
859 1653 1011 1727 scribere
1033 1651 1143 1748 (2).»

11 1801 12 1804 “
123 1768 303 1842 sonbendi
315 1791 398 1842 vero
419 1771 629 1864 diuendique
642 1773 752 1866 prima
768 1773 999 1864 facillimaque
1016 1771 1074 1844 via
1093 1783 1145 1846 est

123 1888 290 1975 imitatio,
314 1911 331 1954 u
352 1908 434 1979 quae
464 1889 655 1981 prudenter
682 1911 772 1981 quos
802 1889 928 1960 imitari
958 1889 1040 1961 velit
1069 1889 1147 1960 seli·

124 2012 186 2096 gat
201 2005 266 2094 (3).
288 2029 305 2074 >r
323 2005 385 2076 llio
397 2025 519 2076 rursus
533 2007 739 2104 eloquentiae
754 2007 1055 2100 philosophiaeque
1072 2014 1146 2077 otuu

126 2123 184 2194 dia
198 2124 440 2217 conjungenda
457 2143 534 2196 esse
546 2124 661 2196 dooet.
677 2149 694 2192 u
711 2127 876 2210 Quamvis
890 2125 999 2214 enim,
1019 2125 1144 2217 inquit,

126 2241 317 2314 dialecticae
333 2243 443 2333 ratio,
462 2241 645 2314 rhetorioae
658 2244 770 2316 oratio
785 2245 927 2339 propria
944 2244 1009 2332 sit,
1032 2253 1147 2315 tamen

10 2405 11 2414 κ
128 2369 165 2431 ut
181 2361 296 2432 cordis
312 2371 346 2432 et
363 2363 492 2454 linguae
503 2361 616 2434 officia
629 2358 827 2434 fidelissima
846 2364 1009 2434 societate
1025 2371 1149 2434 natura

127 2480 325 2570 conjunxit,
347 2480 396 2550 sie
418 2479 601 2551 rhetoricae
618 2490 652 2550 et
670 2478 861 2551 dialectioae
884 2498 1026 2550 munera
1043 2499 1150 2572 eopud

128 2597 200 2668 lare
220 2619 304 2670 usus
321 2608 356 2670 et
376 2599 577 2671 exercitatio
595 2597 746 2671 debebit.
766 2598 822 2669 Sie
843 2606 933 2669 artes
958 2598 1042 2668 istas
1061 2616 1148 2668 eone

124 2717 264 2806 junctas
280 2717 437 2788 exercuit
452 2718 568 2806 Piala,
586 2739 650 2788 neo
666 2718 781 2788 minus
798 2717 926 2789 diserte
940 2713 1026 2786 dioit
1044 2735 1149 2806 qnam

128 2835 299 2908 subtiliter
323 2844 358 2907 et
387 2845 490 2908 aeute
517 2837 674 2926 disserit,
708 2858 837 2928 easque
861 2837 912 2908 sio
938 2834 1153 2907 exercendas

128 2973 204 3026 osae
221 2955 340 3026 doouit
359 2955 425 3047 (l).
441 2956 594 3047 Ideoque
604 2957 680 3047 ejus
696 2955 834 3028 auditor
848 2955 1062 3045 Aristoteles,
1082 2969 1154 3026 non

130 3074 176 3145 ad
195 3074 359 3145 miserum
376 3081 411 3145 et
425 3074 527 3145 bonis
544 3075 764 3166 ingeniorum
781 3073 905 3146 studiis
921 3065 1154 3168 pernitiosum

130 3213 260 3264 morem
271 3193 315 3264 de
326 3194 410 3264 solis
423 3194 607 3287 praeoeptis
618 3194 766 3265 tenuiter
779 3201 814 3264 et
827 3192 925 3264 aride
939 3179 1155 3269 balbutieud'i'

131 3309 399 3400 garriendique,
418 3311 481 3382 sed
507 3311 553 3382 ad
570 3311 706 3403 copiam
724 3310 904 3380 rhetorum
920 3310 956 3379 in
971 3317 1157 3398 utramque

12 3469 13 3478 κ
132 3435 265 3518 partem
283 3428 328 3500 de
345 3429 508 3500 omnibus
531 3431 635 3501 rebus
659 3428 872 3517 disserendi,
890 3435 929 3498 ut
945 3427 1100 3498 ornatius
1121 3425 1155 3499 et

14 4327 22 4374 l

132 3545 275 3616 uberius
302 3547 372 3619 diei
399 3558 532 3641 posset,
561 3557 595 3620 et
620 3549 772 3642 seipsum
795 3557 830 3618 et
858 3547 1047 3640 discipulos
1073 3557 1162 3619 suoa'

132 3665 290 3735 exercuit
305 3669 371 3757 (5).
390 3685 412 3735 u

857 3815 1068 3823 —.--..---
1081 3814 1113 3823 ..-
1128 3815 1143 3821 .-

164 3873 201 3935 (t)
214 3874 317 3924 lttuleet.
327 3877 428 3938 partll.,
442 3875 484 3925 tol.
497 3878 527 3925 68
538 3879 598 3925 root.

165 3956 199 4020 (ll
212 3957 285 4020 lhld.,
296 3957 337 4008 tol.
348 3963 374 4008 'tt
387 3962 443 4020 ,tt
455 3959 545 4020 Cleon,
558 3959 661 4008 beoral.
671 3996 677 4016 .
687 3959 711 4014 l,
725 3963 764 4008 3³.
777 3959 812 4008 (tt.
828 3959 896 4008 Brut.
908 3995 914 4018 ‚
927 3971 950 4006 r.
963 3963 1000 4007 tt.

165 4042 199 4104 (tl)
211 4041 289 4104 lhld.,
302 4043 345 4092 lol.
358 4047 402 4093 72³
409 4043 446 4092 Gt.
455 4043 544 4101 cicer„
555 4041 627 4093 libel.
640 4043 671 4091 ud
686 4042 754 4101 llen,
767 4043 786 4098 l,
802 4045 830 4099 23
841 4043 874 4092 be
888 4045 950 4090 orat.
960 4078 966 4100 ,
978 4041 1008 4101 ll,
1022 4043 1066 4098 225
1079 4040 1156 4102 Quin-

132 4125 182 4184 tlt,
195 4125 364 4181 lustitorat„
378 4127 421 4177 lib.
439 4126 468 4180 ll,
487 4141 508 4176 c.
528 4133 550 4186 t,
565 4129 588 4186 l,
604 4137 669 4189 pass.

164 4209 196 4268 (tl
207 4210 234 4259 ln
246 4210 350 4262 Phaedro
364 4213 510 4274 praserttm.

167 4297 202 4354 (t)
217 4293 369 4356 [liutpert.
385 4295 404 4343 l.
416 4299 442 4345 'tt
454 4299 511 4353 ,ltu
525 4294 583 4345 llaeo
594 4293 624 4344 de
638 4293 766 4357 preceptio
778 4293 787 4351 t
794 4290 833 4341 tol.
852 4292 894 4351 78)
910 4291 997 4341 addit:
1014 4290 1166 4349 «uranon-⁴
