2912 5066
707 377 926 448 -loo-

300 541 393 632 ipses
414 537 449 607 in
474 545 598 608 natura
620 535 904 628 introspexisset,
931 543 965 606 et
984 555 1095 607 venas
1112 535 1189 606 illes
1207 535 1325 627 dispu-

301 655 395 728 tandi
415 657 580 726 formulas
599 655 672 746 ipse
688 655 779 724 ultro
797 653 925 724 oblitus
942 654 1080 743 luisset,
1096 654 1231 747 primus
1249 661 1328 746 post

299 771 516 846 scholasticae
528 770 757 864 philosophiae
771 780 948 863 tempore,
969 792 1039 842 non
1051 771 1125 861 iem
1141 791 1327 863 argumen-

301 899 435 976 torum,
454 889 517 960 sed
532 909 647 958 rerum
670 887 903 958 inventionem
923 887 1091 978 expetivit
1111 914 1119 956 :
1140 888 1331 958 scholasti·

298 1027 419 1076 corum
447 1005 647 1078 methodum
675 1005 825 1075 sterilem
850 1026 927 1076 esse
951 1013 1070 1092 retus,
1101 1013 1208 1095 etque
1229 1004 1337 1077 heud

300 1123 397 1193 aliter
417 1143 524 1214 quem
538 1123 699 1194 Beeonus
720 1130 754 1192 et
769 1121 967 1209 Certesius,
985 1122 1165 1192 veritatem
1182 1121 1220 1190 in
1241 1122 1334 1191 sub·
1378 1173 1382 1180 .

300 1240 466 1312 tilissimis
484 1239 652 1331 argutiis,
673 1240 852 1330 vitemque
870 1219 911 1310 in
922 1239 990 1310 hou
1003 1259 1151 1332 oorpore
1166 1247 1239 1310 tem
1257 1241 1333 1310 ele·

303 1367 424 1452 genter
439 1357 521 1428 ficto
530 1366 636 1449 etque
653 1358 845 1450 oomposito
860 1358 979 1428 deesse
989 1358 1178 1450 protessus.

352 1472 479 1543 Omnes
497 1471 603 1562 igitur
616 1470 873 1564 philosophicas
891 1480 983 1542 ertes
1006 1471 1183 1542 adrerum
1199 1472 1329 1542 verite·

305 1598 425 1662 temet
449 1589 495 1660 ed
514 1589 677 1660 humenee
698 1597 833 1660 netarrae
848 1589 1148 1678 observationem,
1164 1588 1231 1659 alie
1250 1587 1330 1659 licet

305 1719 411 1800 etque
438 1706 610 1778 Centenius
636 1708 791 1796 ratione,
823 1707 1039 1778 revocandas
1068 1729 1144 1778 esse
1182 1707 1326 1778 censuit.

304 1824 419 1907 Quum
435 1831 550 1894 eutem
576 1832 669 1894 recte
692 1823 835 1913 quidem
856 1833 971 1895 mente
999 1824 1119 1913 fuerit,
1140 1824 1203 1895 sed
1224 1826 1331 1916 peulo

1443 568 1446 710 l

1443 747 1446 920 l

307 1940 408 2012 nimis
431 1941 610 2012 temerarie
635 1949 669 2012 et
687 1963 767 2032 quae
786 1942 821 2011 in
840 1942 995 2014 scientim
1012 1943 1200 2034 penetralia
1217 1942 1332 2012 rarius
1446 1948 1448 2000 l

307 2059 550 2146 descenderet,
568 2059 650 2130 inde
667 2060 784 2130 evenit
801 2069 840 2130 ut
859 2062 933 2132 lere
951 2062 1067 2131 omnia
1082 2061 1165 2132 satis
1189 2061 1333 2130 feliciter

202 2211 205 2220 ·
306 2177 474 2269 attigerit,
502 2178 619 2248 omnia
651 2186 769 2247 tamen
806 2179 1005 2270 imperfecte
1038 2178 1226 2268 reliquerit.
1248 2178 1332 2249 ldeo

308 2317 540 2388 quaecumque
560 2296 596 2366 in
615 2295 834 2391 philosophie
858 2297 914 2366 ille
933 2297 1099 2385 tentevit,
1123 2297 1244 2368 eedem
1263 2298 1334 2368 Be·
1448 2307 1449 2402 j

308 2435 418 2486 oonus
440 2422 475 2484 et
504 2413 678 2484 Certesius
708 2415 816 2485 multo
842 2415 1027 2508 perfectius
1055 2415 1239 2486 informate
1265 2414 1332 2484 sihi

309 2533 450 2603 omnino
460 2531 599 2626 proprie
617 2533 784 2620 ieoerunt,
801 2532 849 2602 ita
865 2532 949 2601 utin
963 2553 1085 2602 eorum
1099 2533 1247 2604 inventis
1260 2541 1333 2604 tote

309 2650 472 2738 detineri,
502 2650 671 2740 Remique
699 2669 826 2720 nomen
858 2649 1015 2720 omittere
1048 2648 1191 2721 historie
1233 2651 1333 2721 solite

312 2765 425 2836 luerit.
452 2765 581 2856 lnjuste
606 2774 721 2836 temen
747 2787 827 2835 uum
858 2765 968 2836 Remo
994 2774 1107 2836 ectum
1132 2774 1207 2836 est:
1223 2767 1285 2856 qui
1304 2767 1335 2838 si

311 2901 380 2951 non
401 2883 584 2970 extitisset,
604 2885 764 2954 Beconus
783 2893 817 2954 et
836 2883 1007 2954 Certesius
1024 2885 1138 2954 forsan
1156 2904 1226 2954 non
1244 2884 1333 2956 iuis·
1448 2917 1450 2924 ¹

310 3007 386 3070 sent
399 2996 465 3095 (i).
483 2999 533 3068 Sit
555 2999 659 3091 igitur
679 3001 782 3073 tentis
807 3001 1025 3096 philosophis
1049 3002 1204 3090 inferior,
1231 3003 1333 3073 dum-

312 3118 417 3192 modo
444 3118 617 3188 meximus
638 3118 766 3190 Baeoni
788 3129 848 3190 eut
871 3121 987 3212 potius
1008 3120 1151 3194 Certesii
1169 3136 1332 3215 praenun·

313 3236 382 3310 tius
397 3235 578 3325 habeatur,
598 3236 634 3306 in
648 3257 761 3330 eoque
775 3259 857 3307 uere
877 3248 1111 3328 agnoscentur
1126 3239 1333 3312 Certesienee

312 3355 404 3426 illius
419 3355 647 3449 philosophie
666 3354 869 3446 primordie,
884 3355 929 3426 ed
948 3376 1053 3445 quem
1072 3357 1287 3449 potissimum
1305 3357 1334 3428 si

313 3473 471 3569 proprias
486 3474 551 3566 ipsi
569 3473 796 3565 cogitationes
812 3474 1044 3562 retulerimus,
1065 3483 1103 3544 ut
1114 3475 1272 3566 justitiae,
1286 3474 1334 3545 ite

313 3590 507 3682 prudentiae
520 3592 631 3664 fuerit.
653 3592 695 3662 Ut
707 3593 852 3666 Remum
874 3614 955 3664 vere
973 3592 1239 3687 philosophandi
1257 3615 1333 3662 me·

313 3875 441 3926 illustrior.
452 3873 505 3924 Lux
516 3872 576 3924 solls
584 3873 710 3924 muudum
720 3875 841 3927 duntaxat
858 3878 931 3928 illum
943 3890 1088 3941 corporeum
1100 3877 1223 3933 illustrate
1234 3877 1278 3926 lux
1291 3890 1335 3926 ra-

312 3959 388 4008 tlouls
403 3958 479 4007 ettern
494 3968 569 4019 supra
584 3954 709 4005 mundum
723 3970 767 4019 per
779 3958 834 4008 llles
852 3960 1060 4022 supremundenae
1076 3958 1206 4008 lntlnltetls
1223 3961 1335 4018 regiones

312 4045 474 4104 pervagetur,
482 4051 563 4104 neque
573 4041 686 4091 mortalia
697 4045 797 4090 tentum
806 4053 922 4104 eorporu,
933 4043 976 4092 sed
985 4047 1082 4093 meatus
1092 4047 1196 4092 eternas
1205 4047 1230 4092 et
1238 4042 1336 4093 dlvlnes

312 4125 434 4174 intuetur.
450 4125 502 4174 Lux
516 4124 575 4174 solis
585 4123 675 4173 diurno
688 4126 787 4174 tentum
799 4127 926 4186 tempore,
938 4128 984 4174 eto.
997 4141 1008 4168 ι

347 4209 382 4267 (1)
396 4207 424 4261 ll.
438 4207 543 4267 (louein,
556 4207 678 4268 Veniret,
690 4220 730 4258 m
742 4206 834 4266 iente,
844 4219 876 4256 ru
889 4208 931 4256 ott
943 4215 968 4258 et
978 4213 1100 4270 rumori,
1114 4219 1140 4268 p.
1156 4211 1179 4256 3.
