2916 5062
696 369 888 442 ..gp-

273 543 343 622 tur‚
374 533 434 607 ubi
458 531 695 624 spectantibus
723 541 758 604 et
786 531 1030 624 plaudentibus
1056 529 1298 620 Aristotelem·

273 652 366 724 omni
384 650 524 724 ludibrii
538 659 572 722 et
585 650 733 722 convicii
745 671 872 741 genere
882 651 1011 722 Remus
1026 648 1185 722 allicitur.
1204 651 1296 734 Quid

275 770 407 861 reliqua
432 770 487 840 bis
512 769 709 858 indigniora
735 769 1024 842 commemorem?
1054 789 1136 859 quae
1162 772 1297 842 tametsi

274 888 454 962 verissima
470 896 551 958 sunt
569 895 604 958 et
620 887 785 960 memoria
802 887 930 961 receuti
951 895 1123 970 tenentur,
1152 887 1200 958 ita
1218 900 1300 960 sunt

276 1007 322 1078 ab
335 1006 490 1078 honestis
506 1007 630 1078 studiis
648 1007 778 1094 aliena,
800 1014 838 1076 ut
854 1027 976 1078 verear
993 1005 1095 1076 neiis
1116 1006 1221 1077 etiam
1237 1009 1298 1098 qui

277 1125 490 1198 interfuerint
504 1135 538 1196 et
560 1125 710 1196 viderint
723 1147 778 1198 res
798 1134 869 1196 tam
888 1123 1100 1198 incredibilis
1116 1146 1187 1196 non
1209 1125 1298 1200 iac-ta

277 1244 339 1314 sed
352 1242 432 1314 licta
448 1265 524 1316 esse
539 1243 743 1314 videatur...
764 1243 915 1314 Plurima
928 1242 1020 1314 enim
1033 1249 1203 1335 praetereo
1218 1264 1300 1333 quae

276 1362 350 1434 sine
379 1371 551 1434 certorum
575 1363 756 1434 bominum
786 1360 840 1458 (l)
869 1362 1010 1434 infamia
1037 1363 1301 1436 commemorari

277 1501 347 1550 non
360 1489 526 1573 possunt,
538 1489 644 1572 atque
657 1481 735 1551 haec
747 1480 998 1573 pauoaidcirco
1015 1501 1262 1554 commemoro.

279 1607 317 1670 ut
333 1598 700 1688 omnesintelligant...
721 1620 828 1688 quam
840 1600 1067 1671 formidabilis
1080 1608 1114 1670 et
1134 1599 1302 1672 iracunda

279 1713 563 1786 Aristoteleorum
596 1715 710 1805 logica
735 1715 800 1804 sit,
827 1737 909 1806 quae
938 1718 1064 1791 talibus
1091 1716 1304 1807 argumentis

279 1831 517 1906 adversarium
534 1841 762 1925 persequatur
779 1832 850 1926 (b).
868 1859 886 1902 n

327 1952 579 2043 Hac-ualens,
595 1951 717 2026 merita
732 1952 873 2044 quidem
886 1953 1038 2046 percitus
1049 1953 1300 2044 indignatione,

280 2070 464 2143 exclamat.
486 2069 593 2140 Nobis
612 2077 728 2140 autem
748 2092 818 2143 nou
837 2069 925 2144 adeo
949 2072 1142 2162 indignari,
1171 2072 1242 2141 imo
1260 2094 1305 2142 ne

281 2187 444 2262 admirari
474 2189 615 2279 quidem
647 2189 747 2278 licet,
787 2190 914 2280 quibus
941 2199 1156 2284 compertum
1187 2191 1231 2260 sit
1258 2191 1304 2262 ad

281 2309 389 2382 multo
422 2309 541 2400 pejora
578 2308 731 2382 facinora
770 2307 1071 2380 Aristoteleorum.
1089 2310 1303 2380 iracundiam

282 2434 474 2516 grassatam
496 2425 621 2515 luisse,
647 2427 825 2518 multoque
845 2427 956 2518 magis
976 2425 1161 2499 horrenda.
1185 2426 1302 2509 Quan-

282 2565 387 2638 quam
410 2567 494 2618 sane
519 2545 733 2618 incredibilia
759 2545 979 2634 audivimus,
1008 2553 1042 2617 et
1059 2566 1140 2635 quae
1165 2545 1306 2620 minime

283 2664 458 2736 literarum
470 2665 720 2756 rempublicam
732 2664 994 2752 deceant-Sed,
1012 2672 1050 2734 ut
1063 2665 1155 2736 bona
1172 2664 1303 2750 omnia,

282 2783 329 2857 ita
354 2783 495 2854 libertas
522 2783 598 2874 ipsa
623 2782 777 2856 humano
796 2784 913 2874 generi
926 2764 944 2871 ,¹
959 2805 1026 2854 non
1053 2783 1126 2854 sine
1145 2781 1307 2856 maximis

282 2905 461 2977 laboribus
476 2905 712 2998 comparanda
727 2915 811 2981 erat.
832 2907 906 2978 Hoc
919 2908 1008 2978 inter
1019 2907 1106 2976 alios
1118 2906 1308 2998 permultos

283 3026 411 3096 Ramus
424 3033 541 3096 noster
566 3034 730 3117 expertus
745 3033 817 3114 est,
837 3033 985 3098 nocetne
1001 3031 1184 3113 rtonrocho,
1205 3034 1243 3094 ut
1261 3025 1308 3095 ait

284 3145 441 3214 Talaeus:
468 3167 578 3236 quum
594 3145 685 3214 enim
704 3154 795 3215 esset
810 3145 912 3215 valde
929 3121 1118 3216 iracundus
1133 3143 1206 3240 (3),
1226 3144 1308 3215 inde

283 3261 425 3361 intelligi
447 3269 560 3354 potest
579 3281 684 3351 quam
707 3259 843 3334 difficile
861 3259 892 3332 ei
912 3259 1014 3335 luerit
1033 3259 1306 3352 indignationem

316 3544 348 3606 (1)
365 3543 454 3593 Preter
466 3543 597 3605 plerosque
607 3544 751 3606 theologice
762 3544 886 3598 facultatis
899 3545 1024 3608 doctores,
1037 3547 1148 3610 suspicor
1166 3546 1232 3594 inter
1250 3546 1312 3594 istos

285 3626 397 3676 homines
413 3639 520 3691 quorum
536 3628 638 3676 nomina
658 3628 731 3680 silere
751 3627 848 3681 Talaus
872 3629 964 3690 voluit,
986 3627 1062 3680 luisse
1083 3628 1110 3678 Ρ.
1135 3627 1310 3689 (lallandium¹

284 3709 343 3765 Ant.
355 3707 514 3768 Gereanum,
535 3708 620 3759 lorch.
637 3709 793 3772 Periculum,
810 3723 839 3760 ac
858 3713 994 3772 presertim
1004 3711 1104 3761 Petrum
1125 3709 1311 3770 Castellanum,

284 3792 348 3852 regis
367 3789 531 3840 confessorem
549 3795 574 3840 et
594 3791 818 3854 eleemosynarium
832 3805 839 3841 a
854 3791 945 3852 qulbus
963 3790 1116 3850 Bructerus,
1137 3793 1234 3840 mutato
1246 3794 1313 3840 tem-

251 3881 253 3884 '
284 3885 352 3940 pore,
360 3873 411 3923 lac.
419 3873 608 3938 Carpenlarium
619 3877 743 3924 immerito
754 3875 843 3935 adjecti
856 3871 933 3937 (illst.
948 3875 1003 3924 crit.
1014 3875 1086 3938 phil„
1097 3887 1150 3938 per.
1161 3874 1192 3934 ll,
1204 3879 1268 3938 part.
1282 3874 1312 3934 tl,

286 3957 626 4034 l.tl,o.1,svsubun).

316 4041 351 4106 (t)
368 4042 473 4096 dudem.
492 4043 604 4104 Talaus,
616 4044 642 4091 in
654 4041 799 4100 Academia,
819 4041 851 4090 ad
871 4039 989 4096 Catulum
1002 4041 1180 4101 botharingum
1200 4041 1325 4092 cardines·

284 4124 345 4178 lem.
356 4125 393 4176 Cl.
406 4125 477 4177 Remi
495 4127 633 4178 belenslon.
652 4137 696 4188 pro
710 4124 786 4177 Arist..
797 4124 916 4176 adversus
930 4125 1096 4187 Scbegkium,
1107 4127 1135 4182 irr
1146 4125 1254 4194 epilogo,

318 4207 351 4270 (3)
369 4209 469 4260 Nanccl.
484 4209 557 4269 ibid,
572 4221 596 4276 p.
614 4209 652 4268 59,
666 4209 706 4261 oo.

1329 4185 1339 4218 i
