2916 5062
549 413 744 484 ..pp-

140 591 173 652 et
187 577 398 671 inj0netions
413 576 455 648 iis
473 577 601 647 fussent
618 576 800 661 observer,
822 593 865 643 en
890 573 1080 666 prooedant
1103 597 1166 668 par

139 723 209 772 eux
231 707 350 769 contre
367 697 416 767 les
431 695 632 766 infractione
648 695 817 781 d’ioeiles,
833 694 861 764 si
877 715 1010 764 aucuns
1021 715 1063 764 en
1075 699 1105 787 -y‘
1121 715 1163 780 a,

141 839 206 911 per
222 818 272 886 les
283 814 403 908 peines
420 813 602 907 oydessus
618 812 743 884 inditos
755 821 794 882 et
807 821 946 900 autres,
968 811 1071 904 qu'iIs
1092 833 1167 881 ver-

142 943 221 1005 ront
238 943 327 1004 estre
352 933 372 1002 a
398 932 482 1002 seire
510 953 573 1024 par
589 932 724 1004 raison:
741 933 792 1000 En
809 932 937 1001 temoin
956 931 1001 1003 de
1018 953 1058 1001 ee
1073 952 1166 1001 nous

141 1075 252 1124 avons
270 1052 330 1122 fait
345 1059 465 1121 mettre
478 1060 594 1121 nostre
609 1052 678 1122 seel
697 1050 716 1120 a
736 1071 793 1120 ees
807 1050 894 1121 dites
909 1059 1096 1144 presentes.

194 1197 212 1241 «
225 1172 379 1242 Douned
395 1171 492 1240 Paris
502 1171 534 1240 te
546 1173 559 1239 t
569 1173 592 1239 0
602 1172 686 1260 jour
701 1169 745 1240 de
757 1190 837 1264 may
849 1166 916 1264 (t),
926 1171 994 1240 l’an
1008 1169 1167 1260 degrdco

145 1291 238 1361 teis
255 1288 403 1383 (itii),
428 1297 461 1360 et
477 1288 523 1358 de
538 1299 653 1358 nostre
669 1286 776 1377 regne
793 1289 826 1356 ie
842 1288 1039 1358 trentiesme
1054 1289 1122 1381 (2).
1149 1319 1162 1345 ν

189 1411 305 1493 Quum
318 1407 423 1499 igitur
441 1429 506 1500 pro
524 1405 707 1477 Aristotele
725 1405 1018 1493 nonuniversitas
1031 1415 1165 1476 tanturn

140 1529 202 1600 sed
225 1528 298 1620 ipse
324 1547 386 1596 rex
411 1525 614 1612 dimicaret,
644 1533 738 1594 tenta
764 1532 932 1616 potestate
957 1526 1107 1611 Remus,
1135 1527 1165 1595 si

142 1667 212 1716 non
236 1642 408 1729 domitus,
429 1652 464 1713 at
481 1651 573 1714 certe
588 1663 776 1735 oppressus
796 1639 872 1710 fuit.
897 1640 983 1723 Quae
1002 1650 1166 1712 autemst

141 1771 272 1853 quanta
290 1761 392 1831 fuerit
407 1760 690 1831 Aristoteleorum
701 1759 820 1828 laetitia
832 1758 928 1829 haud
939 1759 1039 1830 facile
1050 1761 1166 1831 uerbis

138 1878 288 1972 exprimi
307 1886 431 1970 potest.
454 1877 521 1947 Sed
534 1876 591 1946 hio
609 1875 712 1947 etiam
725 1876 878 1946 Talaeum
894 1893 1081 1968 parumper
1099 1899 1163 1947 au-

139 1997 296 2068 diamus:
315 2020 332 2062 u
348 1995 537 2066 Constriute
555 1994 672 2086 itaque
682 1995 819 2084 lingua,
840 1993 965 2064 vinetis
980 1995 1162 2084 manibus,
1207 2040 1210 2044 -

137 2137 219 2185 uum
238 2115 288 2185 sio
307 2115 454 2186 afflictus
472 2116 600 2185 Remus
617 2121 803 2201 teneretur,
825 2120 863 2181 ut
880 2111 1093 2184 Aristoteleis
1110 2117 1164 2185 vei

136 2236 280 2328 impune
302 2233 497 2327 discerpere
522 2234 659 2319 liceret,
686 2234 794 2303 Ramo
823 2241 944 2302 eontra
970 2255 1014 2304 ne
1040 2235 1166 2303 mutire

136 2352 279 2444 quidem
294 2350 424 2436 liceret,
441 2349 637 2442 triumphus
651 2349 694 2419 de
704 2359 775 2419 tam
793 2349 900 2420 nobili
916 2349 1061 2422 uictoria
1074 2351 1165 2421 miri-

136 2470 224 2542 fious
241 2469 370 2560 agitur.
389 2469 509 2539 Tristis
523 2469 580 2538 illa
602 2479 637 2538 et
656 2468 828 2540 horrenda
847 2468 1067 2538 triumvirum
1083 2491 1164 2539 sen-

136 2588 246 2660 tentia
265 2587 439 2680 impressis
461 2596 495 2658 et
515 2587 620 2658 latina
644 2597 678 2656 et
699 2586 822 2676 gallica
840 2585 1000 2656 oratione
1018 2585 1161 2672 ribellis,

135 2730 207 2780 non
232 2707 337 2779 modo
359 2729 421 2800 per
444 2707 547 2798 hujus
571 2707 667 2777 urbis
691 2705 865 2798 compita,
895 2707 957 2777 sed
985 2728 1048 2798 per
1069 2707 1165 2777 orbis

135 2840 305 2898 terrarum
330 2826 406 2896 looa
434 2826 568 2914 omnia,
598 2846 669 2916 quo
694 2825 889 2918 exspectari
916 2824 1163 2921 (exportarii)

135 2945 267 3039 potuit,
287 2945 537 3037 promulgatur.
557 2943 644 3015 Ludi
662 2937 792 3034 magno
803 2953 972 3038 apparatu
987 2946 1166 3046 celebran-

166 3274 202 3337 (ι)
220 3274 274 3323 uuo
285 3273 327 3322 ulii
342 3272 394 3322 dies
410 3273 498 3322 iisdem
517 3273 594 3322 literis
605 3274 670 3336 spud
685 3277 816 3338 scriptores
834 3275 971 3330 nonnullos
986 3278 1166 3339 assignentur,

135 3371 225 3422 nempe
235 3359 288 3407 dies
304 3360 331 3407 19
343 3362 417 3406 mart.
430 3361 454 3406 et
470 3361 500 3406 30
510 3359 570 3406 maii
584 3357 641 3421 (Itu
664 3358 767 3420 Bouiuy,
785 3359 854 3408 ΗΜ.
869 3360 946 3407 univ.
964 3358 1061 3420 Paris,
1084 3363 1103 3408 t.
1115 3360 1162 3421 Vi,

133 3452 159 3501 p.
172 3443 235 3500 389,
251 3439 323 3504 395),
335 3453 391 3502 que
403 3440 505 3502 quidem
518 3440 786 3504 differentieespiiesri
798 3445 902 3502 possunt
914 3454 957 3503 per
967 3443 1048 3492 uarios
1060 3444 1166 3508 inserip-

134 3523 209 3572 tionis
222 3521 355 3581 dies,tum
366 3524 392 3571 iu
405 3523 535 3573 parisiensi
552 3527 655 3579 senatu.
677 3528 732 3572 tum
752 3524 778 3572 in
799 3522 862 3572 libro
880 3521 1000 3573 [tectorio.
1021 3527 1060 3574 sie
1078 3532 1162 3579 nutem

133 3607 256 3666 eonjieio:
271 3605 342 3656 dnus
354 3618 407 3656 esse
420 3608 529 3656 literusu
542 3619 598 3668 rege
611 3607 651 3656 die
667 3611 695 3655 1⁹
706 3608 788 3656 martti
799 3643 808 3668 ,
819 3613 933 3670 aceeptus
942 3614 1027 3659 autem
1035 3618 1059 3660 et
1070 3612 1165 3662 admis-

133 3697 173 3735 sus
187 3698 203 3736 e
216 3691 286 3738 curia
306 3689 346 3740 die
370 3694 398 3740 ιο
416 3693 490 3749 muii3
512 3691 551 3740 die
569 3702 628 3740 vero
650 3693 680 3741 ³0
701 3691 813 3751 eiusdem
832 3695 926 3742 mensis
945 3695 971 3742 ni
992 3693 1163 3749 Universitstis

133 3772 245 3821 actuario
259 3771 321 3821 iihro
331 3773 462 3837 inscriptus
474 3773 564 3833 tuisse,
578 3776 624 3823 uisi
636 3773 697 3822 torte
709 3774 747 3823 iiu
759 3775 851 3838 Bouiuy
864 3776 930 3825 maie
943 3779 1068 3841 scripserit
1079 3783 1109 3830 tii
1118 3794 1164 3843 pro

136 3856 163 3903 10
176 3872 182 3903 :
196 3856 311 3904 eumdem
322 3858 390 3905 enirn
406 3860 575 3907 narrationem
592 3861 650 3908 unte
661 3859 733 3906 ilium
752 3859 870 3909 retulerat
882 3860 913 3910 de
924 3861 1032 3922 Leunoi,
1049 3865 1103 3913 sine
1120 3863 1163 3914 iila

133 3935 231 3986 dierum
242 3939 392 3989 diversitate.

162 4018 199 4085 (t)
217 4021 266 4071 flas
283 4022 406 4072 Fruuoisol
422 4027 485 4083 repis
499 4023 583 4073 iiterss
593 4025 659 4086 apud
673 4025 795 4086 plurimos
807 4031 920 4076 uuetores
932 4027 1011 4090 legere
1028 4031 1078 4087 est,
1098 4029 1162 4076 inter

132 4116 194 4165 quos
215 4106 319 4155 nutandi
340 4113 400 4157 sunt
416 4127 421 4157 ι
440 4108 492 4159 ise.
510 4109 697 4171 Carpenturius,
720 4109 757 4158 ici
775 4109 882 4172 Exposit·
904 4109 934 4158 de
953 4109 1082 4166 methodo,
1097 4115 1164 4173 eie,

134 4188 167 4238 Lu
178 4188 251 4240 croix
262 4191 296 4240 du
316 4191 412 4253 iiuine,
427 4193 504 4252 ibid,
524 4194 546 4242 i.
568 4193 598 4243 de
613 4185 733 4255 Leunoy,
751 4192 786 4241 iis
800 4194 867 4241 veria
882 4192 956 4242 Arist.
978 4193 1050 4256 ieri..,
1072 4210 1099 4260 p.
1117 4200 1161 4248 itit

134 4284 203 4336 sqq.;
215 4273 335 4336 Niuer0n‚
348 4279 367 4325 t.
378 4275 447 4335 iiiii;
460 4277 496 4325 [iu
512 4275 614 4338 Bouiny,
631 4276 650 4324 i.
659 4288 682 4324 c.
