2916 5062
560 450 757 519 ..69-

141 609 428 694 examinarentur
451 611 517 702 (i).
548 611 751 704 Dampestra
782 611 887 704 igitur
915 618 1057 680 examen
1079 609 1169 679 reiu-

142 731 265 822 giens,
288 748 525 798 successorem
542 729 608 799 sibi
628 730 813 821 quaesivit,
832 729 1073 800 mathematica
1091 729 1169 818 qui·

144 851 223 921 dem
253 846 412 920 doctmna
429 848 533 938 longe
549 847 766 937 inferiorem,
793 848 856 920 sed
872 847 1018 920 audacia
1040 857 1074 919 et
1098 848 1171 918 iao·

145 967 238 1037 tione
260 963 502 1064 superiorem,
532 965 701 1037 Jacobum
725 965 985 1059 Carpentarium
1008 961 1077 1059 (2).
1106 965 1172 1049 Qui

145 1085 307 1178 quamvis
334 1105 410 1154 sese
436 1081 612 1156 literarum
641 1107 836 1176 graecarum
865 1096 899 1156 et
925 1085 1171 1158 mai-hemaium

148 1225 290 1297 prorsus
307 1203 468 1294 ignarum
486 1225 562 1276 esse
586 1205 762 1293 fateretur,
780 1204 850 1275 imo
867 1203 1075 1274 mathemata
1095 1223 1171 1274 om·

147 1324 230 1395 nino
245 1329 480 1394 contemneret
494 1343 536 1392 ac
549 1332 726 1416 respueret
742 1320 818 1418 (3),
840 1324 875 1392 in
890 1321 1021 1412 regiam
1038 1321 1170 1392 mathe·
1202 1329 1210 1342 “

147 1442 304 1528 maticae,
344 1437 414 1512 imo
445 1441 720 1535 philosophicae,
750 1441 910 1533 quamvis
941 1441 1034 1512 nulla
1060 1461 1172 1512 vacua

147 1571 259 1649 esset,
276 1561 501 1655 professionis
513 1561 713 1633 cathedram
726 1560 780 1651 (h)
798 1560 1030 1632 conscendere
1043 1581 1170 1648 ausus,

146 1699 295 1752 examen
305 1680 457 1772 superbe
465 1679 650 1751 recusavit.
667 1680 885 1772 Quapropter
896 1681 1025 1752 Ramus
1040 1679 1169 1766 cineae,

148 1806 185 1868 ut
218 1806 321 1868 antea
357 1799 590 1891 Dampestrae,
628 1805 765 1868 strenue
792 1798 955 1891 opposuit
983 1821 993 1866 τ
1022 1813 1094 1889 quo
1117 1797 1171 1868 in-

146 1925 260 1986 stante
284 1917 359 2004 (5),
392 1916 525 2007 regium
554 1916 710 1987 edictum
733 1916 777 1986 de
803 1915 1044 1986 examinandis
1069 1914 1174 2007 regiis

149 2031 429 2126 professoribus,
471 2029 575 2105 dieo
620 2043 721 2106 mart.
753 2031 873 2106 datum
906 2043 958 2106 est
991 2032 1061 2128 (6).
1088 2034 1172 2104 Cum

476 2239 561 2254 -Δ-ιι-
630 2239 632 2244 ’
955 2238 1145 2256 -ι-ιὴ-ι-ώ

178 2354 215 2425 (1)
226 2359 366 2411 Remonstr.
378 2375 411 2412 au
423 2360 516 2413 conseil
530 2355 610 2426 privis

180 2447 215 2506 ii)
229 2445 283 2494 hct.
302 2445 382 2495 math.
398 2458 447 2496 aec.
456 2465 464 2506 ;
479 2445 619 2497 Remonetr.
637 2459 670 2496 uu
687 2457 754 2496 cons.
769 2445 836 2509 privii
851 2459 886 2495 a·
904 2439 974 2496 hiere
987 2439 1130 2510 hampesire
1146 2456 1173 2498 st

148 2533 241 2592 repant
253 2530 390 2579 environne'
402 2530 433 2580 de
447 2533 501 2580 tant
512 2530 543 2581 de
555 2535 618 2589 reis,
629 2534 655 2580 et
663 2530 694 2580 de
710 2530 734 2579 la
747 2542 808 2579 cour
820 2529 851 2578 de
861 2529 1014 2592 pathmaei,
1030 2534 1055 2579 ei
1068 2530 1102 2578 du
1119 2543 1171 2592 roy,

148 2611 251 2672 procede
261 2613 421 2676 simplemeni
431 2622 454 2663 ei
464 2614 613 2665 rondemeni
626 2633 632 2664 ι
646 2615 803 2676 ‘cogneissont
814 2611 875 2673 qu'ii
885 2623 918 2661 ne
927 2614 1031 2674 pouxoit
1040 2611 1134 2662 denter
1144 2625 1173 2664 sa

149 2696 323 2748 marchandise
333 2710 364 2748 en
377 2697 450 2748 detail
458 2731 470 2760 ,v
478 2699 495 2747 ii
505 2697 612 2749 cherche
626 2696 763 2748 marchand
776 2709 839 2760 pour
848 2699 963 2758 trocquer
971 2700 995 2746 et
1005 2696 1028 2746 ia
1039 2696 1132 2748 vendre
1140 2711 1175 2748 en-

149 2792 221 2838 gros;
237 2780 355 2831 s’adresse
371 2783 501 2832 imaistre
515 2782 622 2843 lacones
638 2781 811 2844 Charpentier,
828 2779 929 2830 docteur
941 2793 973 2829 cn
988 2780 1133 2843 medecina,
1148 2786 1174 2832 et

151 2859 279 2924 iramque,
290 2863 304 2912 i
316 2864 373 2926 quel
390 2866 463 2927 prix?
475 2866 500 2925 le
513 2864 537 2914 le
551 2864 625 2914 laissa
639 2864 654 2913 a
666 2876 763 2927 pensor.
775 2897 782 2911 .
796 2893 805 2910 .
821 2881 833 2907 ι
850 2862 906 2912 iiac
920 2867 1006 2914 numm
1020 2861 1071 2914 iere
1085 2864 1173 2914 eadem

151 2945 177 2991 in
195 2950 285 2996 senatu
301 2937 396 2998 Romm
412 2943 508 2998 dixerat
528 2966 534 2996 ι
554 2973 585 2983 -
603 2945 728 2996 emmae
739 2947 813 2997 discit
828 2959 878 3009 que
892 2947 987 2998 c'eeioii
1004 2960 1172 2998 unnnuveau

151 3032 263 3077 monstro
277 3025 354 3090 qu'on
367 3031 524 3080 introduisoit
545 3042 577 3082 en
602 3031 656 3080 ieur
673 3031 833 3092 campagnia,
857 3030 898 3091 (Γ)
913 3029 1028 3092 proeidcr
1045 3040 1090 3093 par
1109 3029 1172 3079 risi·

151 3112 253 3171 gnaiion
264 3117 289 3162 ei
299 3125 349 3162 non
361 3127 405 3175 par
416 3113 554 3174 mettim-et
565 3113 639 3164 chose
652 3125 741 3164 encore
754 3114 811 3176 pius
826 3117 1013 3171 monstrueuse,
1028 3115 1059 3164 do
1072 3116 1125 3162 veir
1136 3127 1171 3162 un

151 3193 251 3244 Sieilien
266 3195 374 3256 graiiher
384 3196 414 3246 de
423 3201 489 3246 ceiie
498 3197 570 3260 piaco
582 3210 616 3246 un
632 3197 748 3258 Francois
761 3198 774 3245 i
787 3195 823 3245 lui
836 3199 942 3256 inoogou
955 3215 961 3245 ε
977 3200 1097 3244 accusant
1106 3197 1173 3246 iaici·

151 3277 262 3328 blemeni
270 3279 345 3342 qu'en
355 3280 379 3330 ia
388 3280 537 3342 resignation
547 3281 564 3330 il
576 3283 668 3344 parcit
680 3293 712 3331 eu
722 3280 813 3331 bourse
822 3279 910 3330 deiie'o.
921 3296 933 3324 ι
946 3278 1032 3341 Steph.
1043 3278 1171 3341 Posqmer,

152 3361 229 3413 tieem
241 3363 272 3413 de
283 3364 306 3413 ia
317 3364 420 3426 Fronte,
430 3365 474 3414 lib.
486 3365 534 3427 ix,
543 3377 565 3416 c.
577 3365 628 3416 XX.

181 3447 216 3507 (3)
233 3446 427 3508 Rementraece‚
446 3454 495 3500 etc.
511 3468 523 3494 ι
541 3449 560 3499 ii
578 3450 677 3511 diique
694 3448 751 3497 bien
770 3449 880 3509 comptor
895 3450 921 3496 at
937 3457 1049 3498 mesurer
1063 3452 1120 3497 soni
1136 3449 1173 3500 ies

152 3529 240 3579 tientes
250 3531 294 3580 des
307 3531 531 3595 mathematiques,
548 3537 596 3582 etc.
616 3549 631 3575 r

183 3612 218 3676 (i)
229 3613 352 3664 Nimirum
364 3615 539 3678 Carpentarius
549 3619 575 3664 in
586 3613 781 3679 suoproiessoris
789 3616 849 3674 rapti
861 3611 996 3678 diplomate
1007 3628 1050 3679 per
1059 3613 1176 3668 fraudem

151 3696 314 3759 adscripscrat
325 3716 332 3746 ι
347 3705 373 3747 ei
382 3693 566 3760 philosophie.
576 3699 631 3748 Act.
642 3697 798 3756 maih.-ree.;
811 3697 848 3747 Ci.
858 3697 1064 3759 Remonstranoa
1075 3706 1128 3752 etc.

183 3779 217 3844 (t)
235 3780 429 3832 Remonsirance
443 3796 475 3833 au
490 3783 582 3833 conscii
597 3782 665 3846 prive
680 3803 687 3831 ι
706 3801 718 3827 ι
736 3783 834 3832 t'escris
847 3783 878 3832 de
893 3784 978 3834 rochei
992 3786 1006 3834 a
1023 3786 1048 3835 ia
1062 3799 1132 3848 cour,
1147 3791 1173 3836 et

151 3877 191 3914 me
206 3865 343 3927 complains
358 3879 407 3928 que
423 3879 486 3917 nous
501 3869 593 3917 estium
606 3866 702 3916 tomhex
716 3867 746 3916 de
760 3865 836 3917 iletre
850 3880 882 3917 en
898 3867 979 3918 cheud
996 3869 1065 3931 mal,
1082 3863 1171 3931 etqua

153 3949 294 4019 hampscire
306 3952 379 3998 estoit
394 3963 428 3998 un
439 3949 586 4000 Archimede
594 3963 627 4000 au
639 3954 692 4013 prix
706 3951 737 4000 de
748 3950 918 4014 Charpcniier.
931 3953 964 4004 Le
975 3964 1018 4014 roy
1031 3944 1177 4014 cependant'

153 4043 214 4084 noue
229 4031 329 4094 extergit
344 4045 371 4081 sa
388 4037 500 4095 patente,
516 4038 564 4082 eto.
582 4050 594 4078 e

182 4113 217 4178 (6)
233 4135 243 4160 ι
257 4114 368 4164 Donne'a
381 4115 497 4173 Montius,
508 4114 532 4164 le
543 4119 557 4164 8
572 4127 639 4166 mars
653 4120 720 4166 1566.
731 4113 839 4176 Registrd
851 4127 881 4164 en
894 4115 1031 4176 pariement
1043 4115 1092 4166 iot
1107 4120 1169 4168 arrii

154 4202 221 4249 iiiiii.
238 4217 249 4242 r
264 4200 301 4249 Du
315 4200 416 4262 homey,
435 4206 453 4248 i.
472 4201 518 4260 vi,
537 4214 559 4262 p.
578 4205 633 4252 652.
651 4201 719 4252 idem
733 4200 841 4250 edictum
853 4199 929 4249 iatine
946 4200 1066 4262 scriptum
1077 4201 1171 4254 Remus

152 4279 270 4332 i‘rooemio
282 4282 457 4352 mathematico
471 4283 585 4346 praedixit
