2916 5062
731 379 923 452 „13-

269 623 273 628 .
316 550 440 638 deret,
468 547 704 618 existimarent
730 565 811 614 eum
836 561 956 614 omnes
983 551 1075 614 artes
1103 541 1337 630 conturbare,

311 671 392 759 jura
416 667 568 738 humana
589 675 625 736 et
648 663 767 735 divina
790 669 1007 755 pervertere,
1033 679 1170 732 omnem
1196 658 1340 730 humani

310 785 432 878 judicii
455 785 646 856 libertatem
670 781 826 875 eripere,
859 779 1010 872 denique
1035 801 1055 850 e
1083 777 1217 854 mundo
1237 778 1340 869 quasi

318 903 438 976 mundi
452 905 560 975 solem
579 903 698 974 tollere
709 927 728 988 3v
742 907 847 990 atque
862 896 1080 969 Aristotelieo
1096 897 1220 990 spiritu
1234 894 1342 967 uiilati

320 1025 558 1094 exclamarunt
579 1029 711 1094 tantum
727 1018 841 1088 scelus
859 1016 940 1108 igne
958 1013 1171 1108 expiandum
1190 1035 1265 1086 esse
1280 1039 1289 1082 ε
1306 1024 1342 1084 et

315 1163 358 1212 ne
370 1139 566 1214 testimonio
580 1121 853 1212 untaestultitiae
868 1155 1060 1206 careamus.
1126 1131 1250 1204 libellis
1260 1153 1341 1204 oon-

312 1269 364 1331 tra
385 1259 621 1330 Aristotelicas
644 1255 965 1328 animadversiones
988 1253 1171 1347 descriptis
1197 1250 1274 1345 (i),
1303 1252 1340 1324 id

315 1376 577 1469 praedioandum
592 1384 627 1445 et
645 1371 899 1464 divulgandum
925 1377 1150 1455 censuerunt3
1169 1389 1259 1460 quos
1272 1367 1340 1438 ho-

313 1494 441 1582 mines,
460 1493 627 1585 quoniam
644 1513 666 1562 a
683 1490 807 1583 seipsis
820 1488 904 1559 satis
919 1487 1036 1558 vexati
1055 1495 1156 1573 sunt,
1175 1493 1210 1556 et
1228 1507 1249 1556 a
1267 1485 1341 1557 lra-

311 1623 362 1682 tre
380 1631 458 1680 meo
478 1608 532 1704 (2)
548 1616 717 1701 perpetuo
744 1606 954 1698 contempti,
973 1603 1184 1696 tandemque
1202 1601 1338 1674 Aristo·
1450 1649 1451 1658 κ

313 1728 401 1799 teleo
411 1726 545 1818 judicio
563 1725 709 1796 rescisso
722 1724 776 1817 (3)
797 1723 881 1794 satis
894 1723 1050 1812 refutati,
1071 1744 1142 1793 non
1159 1723 1340 1816 putomihi

313 1843 468 1918 severius
489 1841 662 1915 notandos
684 1863 772 1913 esse.
797 1839 865 1912 Sed
890 1840 975 1932 quid
1001 1839 1223 1912 Aristoteleos
1248 1839 1340 1910 duos
1450 1909 1451 1920 ,

313 1964 369 2034 hio
401 1983 576 2050 memore,
613 1983 721 2052 quum
755 1967 827 2031 tota
860 1960 1005 2031 istorum
1039 1959 1217 2030 hominum
1243 1959 1339 2029 natio
1450 1967 1451 1970 ’

314 2080 435 2152 eadem
454 2079 522 2150 siti
538 2079 723 2154 Enimvero
743 2077 829 2170 quid
850 2077 1061 2169 singularem
1080 2086 1114 2149 et
1132 2087 1211 2174 post
1231 2075 1341 2147 homi-

316 2220 377 2269 nes
395 2182 495 2268 natos
509 2197 701 2269 inauditam
713 2197 891 2269 historiam
908 2197 1080 2268 referam?
1096 2197 1237 2268 Summa
1249 2217 1339 2266 sem·
1450 2191 1451 2200 ³

317 2331 379 2408 per
393 2315 534 2388 libertas
553 2315 617 2386 fuit
633 2314 886 2407 grammaticis,
908 2313 1123 2403 rlretoribuS,
1145 2314 1337 2385 mathema-

316 2433 410 2522 ticis,
444 2431 679 2528 philosophis,
715 2443 835 2506 contra
863 2433 1125 2525 grammaticos,
1160 2431 1335 2522 rhetores,

315 2550 595 2641 mathematicos,
625 2551 869 2644 philosophos,
900 2548 1038 2621 dicendi
1064 2557 1098 2620 et
1131 2549 1334 2638 scribendi:

314 2690 427 2760 eaque
442 2669 603 2756 libertas,
620 2669 704 2759 quia
717 2669 764 2739 ad
783 2667 935 2738 omnium
953 2667 1080 2737 artium
1092 2665 1338 2761 perlectionem

317 2784 488 2877 pertinere
499 2803 711 2876 magnopere
726 2784 922 2873 videbatur,
942 2781 1093 2854 maxime
1106 2783 1252 2876 probata
1270 2794 1336 2872 est,

317 2906 351 2969 et
383 2897 537 2969 omnium
573 2897 882 2992 philosophorum,
918 2896 1110 2970 Aristotelis
1145 2899 1338 2992 prasertim

316 3229 419 3294 Thaioi,
430 3232 566 3284 roumruu
576 3237 602 3282 et
611 3233 664 3283 ries
675 3231 718 3281 des
727 3231 753 3280 h.
767 3231 812 3289 ill,
824 3234 842 3280 l.
853 3229 877 3291 l,
887 3231 906 3281 l.
918 3230 965 3288 lll,
979 3231 1024 3282 iol.
1041 3229 1103 3295 135),
1113 3237 1138 3283 et
1150 3232 1272 3283 Antonius
1285 3233 1339 3283 Go-

315 3327 420 3375 veanus,
433 3317 576 3376 Lusitanus,
584 3321 638 3365 not.
648 3327 709 3364 nnn.
721 3317 789 3372 ¹5⁰5.
800 3315 831 3364 de
841 3327 891 3378 quo
901 3315 1023 3366 nonnulla
1031 3315 1149 3377 leguntur
1159 3317 1186 3366 ln
1197 3315 1340 3379 Hitpcnioe

318 3399 483 3452 Bibliotheca
499 3398 640 3462 (lunoni,
659 3403 727 3454 16⁰8,
746 3397 828 3461 in·r⁰)
841 3403 861 3448 t.
874 3399 909 3458 ll,
924 3399 996 3449 class.
1011 3399 1068 3460 vll,
1082 3393 1336 3460 iurisconsultorum,

315 3493 342 3546 p.
357 3485 461 3533 tito-tut
476 3502 482 3532 ι
496 3499 509 3528 a
522 3483 542 3531 Α
556 3482 658 3544 cujacio
669 3481 773 3533 mirilico
784 3481 917 3532 Govennns
929 3482 1117 3546 predicabatur.
1133 3502 1185 3527 ι-
1200 3503 1211 3528 ι
1224 3481 1283 3533 orta
1296 3485 1339 3535 ilte

314 3578 374 3615 cum
385 3565 457 3615 Petro
469 3565 557 3624 liamo,
570 3566 697 3628 disputare
707 3567 808 3630 publice
819 3580 869 3616 non
883 3567 1022 3627 dubitarit,
1034 3567 1110 3617 allato
1124 3569 1150 3616 in
1162 3567 1242 3618 iorum
1254 3580 1339 3619 exem-

314 3647 376 3712 ptari
386 3659 462 3710 greco
472 3647 610 3712 philosophi
620 3647 743 3716 (aristot.)
757 3668 768 3694 r·
781 3649 855 3702 liiii.
1449 3695 1450 3704 ,

340 3731 377 3795 (t)
385 3731 481 3782 Scilicet
491 3735 576 3781 eontra
587 3732 696 3783 Remum
704 3733 886 3783 coamatores
897 3735 1062 3794 peripatetica
1073 3733 1116 3784 ai.
1124 3733 1235 3804 Perlonio
1244 3737 1270 3783 et
1278 3733 1339 3785 ani.
1449 3731 1450 3740 ’

314 3814 430 3866 Gerenrm
441 3815 567 3878 cesennia
577 3823 636 3867 sunt
647 3836 653 3865 ι
663 3813 942 3880 quaerimoniarum
952 3811 1161 3875 lieetadmirator,
1171 3815 1273 3866 laudare
1287 3829 1336 3866 non

313 3897 412 3950 dubitat
424 3898 493 3958 (libr.
509 3895 597 3958 lllllll,
611 3901 643 3950 ad
653 3914 715 3949 ann.
726 3899 807 3962 1559).

343 3981 382 4047 (t)
393 3982 467 4033 idest
478 3981 504 4032 Ρ.
518 3984 605 4047 Romo,
616 3985 659 4046 qui
671 3983 781 4034 Talaum
793 3993 891 4043 quoque
901 3981 1017 4044 fratrem
1027 3995 1105 4032 auum
1113 3982 1237 4046 appellare
1248 3983 1319 4035 solet.

345 4066 379 4133 (a)
400 4067 457 4118 lloec
472 4068 593 4120 nimirum
610 4080 676 4117 anno
695 4069 752 4117 ruit
770 4065 869 4115 'luleus
887 4065 978 4126 edidit,
994 4077 1053 4115 cnm
1066 4066 1099 4116 ab
1114 4066 1219 4117 llenrloe
1235 4065 1257 4115 li
1279 4079 1338 4130 rege

311 4150 437 4200 Francisol
450 4149 459 4198 l
471 4149 595 4210 judicium
609 4148 727 4198 aduersus
743 4148 849 4198 llamum
859 4145 980 4216 licuitque
992 4147 1068 4200 llbros
1081 4150 1212 4199 rescissum
1228 4149 1315 4200 inisset
1330 4171 1336 4199 ι

313 4233 344 4284 de
360 4245 410 4295 quo
422 4231 485 4282 inira
498 4232 620 4282 dicemus.
1301 4223 1303 4230 '
