2918 5072
563 389 780 460 -135-

125 551 242 641 glum
265 571 306 619 ac
324 548 567 638 Plaffradium‚
593 547 937 620 AntonioNotholdo
958 551 1063 640 atquc
1084 551 1176 620 Horu

127 674 273 739 manno
290 667 498 760 Nicephoro
521 667 611 750 Quin
627 690 689 762 per
702 668 817 738 edicta
831 676 964 738 tautum
981 667 1169 738 electorum

126 786 328 874 Saxoniae,
364 807 456 858 anno
485 785 616 856 ltlDClll
654 785 878 874 confirmata,¹
908 785 1170 877 Vitebergenscs
1273 864 1275 871 ¹

130 903 322 996 prohiberi
347 909 555 994 potuerunt,
577 925 620 974 ne
643 904 781 974 Rameae
806 923 844 972 se
869 899 993 972 darent
1018 901 1168 995 philoso-

131 1015 269 1112 phiae(
294 1023 319 1108 ).

188 1136 354 1226 Ceterum
380 1137 416 1207 id
444 1136 636 1222 notandum
665 1159 740 1208 esse
768 1136 851 1207 milri
884 1136 1041 1222 videtur,
1076 1135 1171 1225 quod

130 1254 266 1324 Ramei
292 1253 448 1346 plerique
475 1262 601 1344 prmtcr
630 1254 728 1323 llami
764 1253 943 1323 dialectica
975 1262 1170 1344 praecepta,

132 1371 403 1442 Aristotelicum
428 1393 570 1462 quoque
591 1371 739 1462 logicam
766 1369 965 1441 discendam
985 1368 1174 1459 juvenibus
1237 1383 1240 1388 '

131 1489 292 1561 libenter
303 1495 558 1582 proponerent,
575 1489 700 1560 eedem.
709 1509 832 1580 nempe
846 1486 968 1556 imbuti
982 1487 1169 1576 sententia,

52 1655 55 1664 .
132 1625 217 1694 qua
246 1606 376 1676 Ramus
407 1605 481 1696 ipse
515 1606 655 1675 fuerat:
689 1604 819 1697 quippe
855 1603 917 1694 qui
954 1600 1171 1674 Aristotelem

134 1723 431 1811 emendare‚ncn
441 1733 582 1816 prorsus
592 1723 741 1813 abjicere
752 1721 968 1815 propositum
978 1720 1167 1792 habuisset.

134 1841 261 1924 Quom
285 1841 390 1932 igitur
413 1840 635 1934 peripatetica
657 1840 790 1931 logica,
817 1839 1079 1911 Melanchthone
1105 1860 1170 1931 po·

137 1958 318 2030 tissimum
341 1967 507 2047 auctore,
534 1959 623 2030 inter
647 1967 875 2052 protestantes
899 1967 1030 2029 tantam
1056 1956 1171 2028 adhuc

138 2076 387 2148 auctoritatem
404 2075 590 2164 obtineret,
607 2085 645 2146 ut
662 2075 788 2170 expelli
800 2095 902 2167 posse
916 2075 1056 2146 minime
1070 2074 1169 2145 vide·

139 2180 256 2283 retur,
278 2193 443 2266 Ramistae
466 2195 622 2264 nonnulli
640 2193 1084 2266 laborantemltamismom
1106 2192 1170 2262 ad·

132 2312 312 2403 juvari'ea
324 2311 458 2382 ratione
466 2331 569 2402 posse
578 2318 805 2403 putaverunt*
821 2311 850 2382 si
863 2331 943 2379 cum
955 2308 1171 2380 Aristotelica

137 2432 221 2502 sive
232 2429 556 2502 Melanchthoniana
569 2427 683 2518 logica
702 2429 983 2516 conjungeretur.
1003 2426 1168 2508 Quicum-

140 2570 217 2640 que
230 2553 344 2618 antem
362 2545 579 2616 Aristotelem
596 2544 670 2614 sive
687 2540 986 2615 Melanchthonem
1001 2543 1171 2614 cultatim

141 2664 386 2760 perfectiorem
427 2662 572 2734 reddere
608 2661 837 2748 studuerunt,
874 2661 1095 2750 quanquam,
1136 2671 1172 2730 ut

140 2784 285 2876 opinor,
316 2803 398 2852 vere
426 2781 588 2852 Ramistae
616 2785 736 2868 erant,
765 2778 904 2869 utrique
928 2786 1043 2848 temen
1067 2787 1170 2850 sectae

141 2900 413 2995 displicuerunt,
435 2909 470 2969 et
486 2920 507 2968 a
524 2897 684 2969 Ramistis
701 2891 986 2984 Pseudo-llum,
1010 2897 1055 2967 ab
1071 2895 1170 2967 Aris*

142 3018 294 3090 totellcis
306 3017 528 3088 Semi-Ramci
543 3014 703 3109 appellati
718 3023 799 3086 sunt
813 3011 883 3108 (2).
903 3012 959 3086 Ad
973 3024 1171 3108 suspectum

144 3133 231 3208 illud
252 3135 536 3229 philosophorum
558 3154 674 3224 genus,
687 3133 858 3224 pertinent
873 3133 1000 3202 Paulus
1018 3131 1147 3199 Frisios
1159 3174 1170 3216 ‚2

143 3253 349 3342 Bilstenius,
379 3251 599 3338 Buscherus,
631 3251 799 3334 Polanus‚
835 3245 997 3314 Libavins
1026 3253 1061 3312 et
1092 3252 1173 3314 ante

146 3393 267 3442 omnes
286 3371 561 3441 Bartholomaeus
579 3364 882 3450 Keckermannus,
904 3360 966 3452 qui
983 3361 1061 3430 licet
1077 3361 1168 3453 peri-

147 3489 295 3582 patetica
312 3489 478 3581 pleraque
502 3489 716 3574 sequeretur,
743 3487 892 3551 attamen
916 3478 1024 3546 multa
1042 3471 1169 3548 Ramea

147 3606 298 3678 admisit.
328 3601 480 3676 Fuerunt
505 3609 672 3694 praeterea
701 3598 762 3690 qui
787 3597 891 3691 paulo
916 3595 1059 3668 liberius
1080 3596 1175 3666 hano*

148 3723 426 3796 conciliationem
439 3722 527 3793 inter
537 3721 683 3790 Ramum
697 3725 731 3788 et
744 3716 962 3788 Aristotelem
976 3723 1166 3800 tentarant,

148 3851 187 3912 ut
223 3839 427 3934 liudolphus
458 3836 649 3924 natenius,
695 3835 874 3906 Conradus
914 3831 1104 3902 Dictericus
1136 3834 1171 3898 et

182 4133 215 4196 tt)
233 4133 360 4188 Bructcr„
373 4131 389 4179 t.
402 4144 423 4178 e.

182 4223 217 4274 (Ἰ)
235 4214 296 4264 llud.
