<?xml version="1.0" encoding="UTF-8"?>
<!DOCTYPE html PUBLIC "-//W3C//DTD XHTML 1.0 Transitional//EN"
    "http://www.w3.org/TR/xhtml1/DTD/xhtml1-transitional.dtd">
<html xmlns="http://www.w3.org/1999/xhtml" xml:lang="en" lang="en">
 <head>
  <title>
</title>
<meta http-equiv="Content-Type" content="text/html;charset=utf-8" />
  <meta name='ocr-system' content='tesseract 3.04.00' />
  <meta name='ocr-capabilities' content='ocr_page ocr_carea ocr_par ocr_line ocrx_word'/>
</head>
<body>
  <div class='ocr_page' id='page_1' title='image "./depetriramivita00waddgoog_0163.png"; bbox 0 0 2912 5066; ppageno 0'>
   <div class='ocr_carea' id='block_1_1' title="bbox 706 367 925 447">
    <p class='ocr_par' dir='ltr' id='par_1_1' title="bbox 706 367 925 447">
     <span class='ocr_line' id='line_1_1' title="bbox 706 367 925 447; baseline 0 -5"><span class='ocrx_word' id='word_1_1' title='bbox 706 367 925 447; x_wconf 76' lang='lat' dir='ltr'>-llo-</span> 
     </span>
    </p>
   </div>
   <div class='ocr_carea' id='block_1_2' title="bbox 221 530 1334 1566">
    <p class='ocr_par' dir='ltr' id='par_1_2' title="bbox 221 530 1334 1566">
     <span class='ocr_line' id='line_1_2' title="bbox 308 530 1328 625; baseline -0.008 -17"><span class='ocrx_word' id='word_1_2' title='bbox 308 557 405 608; x_wconf 88' lang='lat' dir='ltr'>sum:</span> <span class='ocrx_word' id='word_1_3' title='bbox 423 553 626 625; x_wconf 84' lang='lat' dir='ltr'>quanquam</span> <span class='ocrx_word' id='word_1_4' title='bbox 641 530 734 602; x_wconf 89' lang='lat' dir='ltr'>enim</span> <span class='ocrx_word' id='word_1_5' title='bbox 748 530 902 620; x_wconf 79' lang='lat' dir='ltr'><strong>aliquam</strong></span> <span class='ocrx_word' id='word_1_6' title='bbox 919 531 1074 602; x_wconf 88' lang='lat' dir='ltr'>utilitatis</span> <span class='ocrx_word' id='word_1_7' title='bbox 1092 538 1242 624; x_wconf 85' lang='lat' dir='ltr'>speeiem</span> <span class='ocrx_word' id='word_1_8' title='bbox 1257 550 1328 623; x_wconf 82' lang='lat' dir='ltr'>pne</span> 
     </span>
     <span class='ocr_line' id='line_1_3' title="bbox 305 647 1328 741; baseline -0.008 -15"><span class='ocrx_word' id='word_1_9' title='bbox 305 674 343 726; x_wconf 87' lang='lat' dir='ltr'>se</span> <span class='ocrx_word' id='word_1_10' title='bbox 353 653 442 724; x_wconf 82' lang='lat' dir='ltr'>ferre</span> <span class='ocrx_word' id='word_1_11' title='bbox 455 651 607 733; x_wconf 89' lang='lat' dir='ltr'>videtur,</span> <span class='ocrx_word' id='word_1_12' title='bbox 622 649 692 720; x_wconf 90' lang='lat' dir='ltr'>hec</span> <span class='ocrx_word' id='word_1_13' title='bbox 708 657 821 720; x_wconf 89' lang='lat' dir='ltr'>tamen</span> <span class='ocrx_word' id='word_1_14' title='bbox 835 647 881 718; x_wconf 86' lang='lat' dir='ltr'>ad</span> <span class='ocrx_word' id='word_1_15' title='bbox 896 669 1024 741; x_wconf 87' lang='lat' dir='ltr'>pueros</span> <span class='ocrx_word' id='word_1_16' title='bbox 1037 651 1270 741; x_wconf 89' lang='lat' dir='ltr'>potiusquam</span> <span class='ocrx_word' id='word_1_17' title='bbox 1284 649 1328 718; x_wconf 93' lang='lat' dir='ltr'>ad</span> 
     </span>
     <span class='ocr_line' id='line_1_4' title="bbox 221 765 1330 863; baseline -0.004 -25"><span class='ocrx_word' id='word_1_18' title='bbox 221 773 227 780; x_wconf 88' lang='grc'><em>“</em></span> <span class='ocrx_word' id='word_1_19' title='bbox 304 768 550 863; x_wconf 90' lang='lat' dir='ltr'>philosophum</span> <span class='ocrx_word' id='word_1_20' title='bbox 570 767 793 857; x_wconf 87' lang='lat' dir='ltr'>logicnmque</span> <span class='ocrx_word' id='word_1_21' title='bbox 816 765 986 857; x_wconf 75' lang='lat' dir='ltr'>pertinet,</span> <span class='ocrx_word' id='word_1_22' title='bbox 1016 787 1095 834; x_wconf 94' lang='lat' dir='ltr'>cum</span> <span class='ocrx_word' id='word_1_23' title='bbox 1120 775 1248 858; x_wconf 73' lang='lat' dir='ltr'>praeter</span> <span class='ocrx_word' id='word_1_24' title='bbox 1263 767 1330 860; x_wconf 80' lang='lat' dir='ltr'>syl·</span> 
     </span>
     <span class='ocr_line' id='line_1_5' title="bbox 302 882 1329 978; baseline -0.002 -20"><span class='ocrx_word' id='word_1_25' title='bbox 302 887 469 978; x_wconf 83' lang='lat' dir='ltr'>logismos</span> <span class='ocrx_word' id='word_1_26' title='bbox 493 885 670 976; x_wconf 75' lang='lat' dir='ltr'>generales</span> <span class='ocrx_word' id='word_1_27' title='bbox 690 891 839 970; x_wconf 79' lang='grc' dir='ltr'>καθόλου,</span> <span class='ocrx_word' id='word_1_28' title='bbox 863 885 897 953; x_wconf 85' lang='lat' dir='ltr'>cl</span> <span class='ocrx_word' id='word_1_29' title='bbox 914 882 1082 974; x_wconf 81' lang='lat' dir='ltr'>speciales</span> <span class='ocrx_word' id='word_1_30' title='bbox 1098 885 1159 954; x_wconf 89' lang='lat' dir='ltr'>seu</span> <span class='ocrx_word' id='word_1_31' title='bbox 1178 885 1329 976; x_wconf 88' lang='lat' dir='ltr'>particu-</span> 
     </span>
     <span class='ocr_line' id='line_1_6' title="bbox 302 999 1334 1097; baseline -0.004 -22"><span class='ocrx_word' id='word_1_32' title='bbox 302 1006 392 1076; x_wconf 82' lang='lat' dir='ltr'>lares</span> <span class='ocrx_word' id='word_1_33' title='bbox 409 1009 439 1078; x_wconf 75' lang='grc' dir='ltr'>ἐν</span> <span class='ocrx_word' id='word_1_34' title='bbox 463 1011 560 1097; x_wconf 80' lang='grc' dir='ltr'>μέρει,</span> <span class='ocrx_word' id='word_1_35' title='bbox 584 1002 629 1074; x_wconf 90' lang='lat' dir='ltr'>ab</span> <span class='ocrx_word' id='word_1_36' title='bbox 644 1001 827 1074; x_wconf 78' lang='lat' dir='ltr'>Aristotele</span> <span class='ocrx_word' id='word_1_37' title='bbox 845 1000 1025 1093; x_wconf 91' lang='lat' dir='ltr'>perspicue</span> <span class='ocrx_word' id='word_1_38' title='bbox 1042 999 1143 1068; x_wconf 89' lang='lat' dir='ltr'>simul</span> <span class='ocrx_word' id='word_1_39' title='bbox 1168 1008 1203 1068; x_wconf 88' lang='lat' dir='ltr'>et</span> <span class='ocrx_word' id='word_1_40' title='bbox 1227 1009 1334 1071; x_wconf 90' lang='lat' dir='ltr'>acute</span> 
     </span>
     <span class='ocr_line' id='line_1_7' title="bbox 301 1115 1332 1211; baseline -0.007 -20"><span class='ocrx_word' id='word_1_41' title='bbox 301 1119 510 1202; x_wconf 86' lang='lat' dir='ltr'>distinctos,</span> <span class='ocrx_word' id='word_1_42' title='bbox 540 1119 656 1194; x_wconf 89' lang='lat' dir='ltr'>nullus</span> <span class='ocrx_word' id='word_1_43' title='bbox 679 1125 850 1211; x_wconf 82' lang='lat' dir='ltr'>praeterea</span> <span class='ocrx_word' id='word_1_44' title='bbox 884 1115 1105 1210; x_wconf 80' lang='lat' dir='ltr'>syllogismus</span> <span class='ocrx_word' id='word_1_45' title='bbox 1136 1115 1332 1204; x_wconf 82' lang='lat' dir='ltr'>excogitari</span> 
     </span>
     <span class='ocr_line' id='line_1_8' title="bbox 301 1231 1331 1333; baseline -0.004 -25"><span class='ocrx_word' id='word_1_46' title='bbox 301 1237 412 1333; x_wconf 91' lang='lat' dir='ltr'>possit</span> <span class='ocrx_word' id='word_1_47' title='bbox 427 1233 498 1332; x_wconf 88' lang='lat' dir='ltr'>(l).</span> <span class='ocrx_word' id='word_1_48' title='bbox 515 1237 648 1324; x_wconf 88' lang='lat' dir='ltr'>Porro,</span> <span class='ocrx_word' id='word_1_49' title='bbox 677 1257 758 1306; x_wconf 91' lang='lat' dir='ltr'>cum</span> <span class='ocrx_word' id='word_1_50' title='bbox 780 1243 851 1306; x_wconf 87' lang='lat' dir='ltr'>tres</span> <span class='ocrx_word' id='word_1_51' title='bbox 871 1233 1061 1329; x_wconf 72' lang='lat' dir='ltr'>syllogismi</span> <span class='ocrx_word' id='word_1_52' title='bbox 1082 1231 1215 1322; x_wconf 82' lang='lat' dir='ltr'>figuras</span> <span class='ocrx_word' id='word_1_53' title='bbox 1236 1232 1331 1304; x_wconf 91' lang='lat' dir='ltr'>Aris-</span> 
     </span>
     <span class='ocr_line' id='line_1_9' title="bbox 301 1348 1328 1446; baseline -0.007 -18"><span class='ocrx_word' id='word_1_54' title='bbox 301 1356 423 1428; x_wconf 84' lang='lat' dir='ltr'>toteles</span> <span class='ocrx_word' id='word_1_55' title='bbox 440 1354 633 1426; x_wconf 85' lang='lat' dir='ltr'>secundnm</span> <span class='ocrx_word' id='word_1_56' title='bbox 658 1353 827 1446; x_wconf 86' lang='lat' dir='ltr'>triplicem</span> <span class='ocrx_word' id='word_1_57' title='bbox 842 1349 948 1421; x_wconf 87' lang='lat' dir='ltr'>medii</span> <span class='ocrx_word' id='word_1_58' title='bbox 964 1348 1100 1422; x_wconf 83' lang='lat' dir='ltr'>termini</span> <span class='ocrx_word' id='word_1_59' title='bbox 1118 1348 1154 1418; x_wconf 94' lang='lat' dir='ltr'>in</span> <span class='ocrx_word' id='word_1_60' title='bbox 1171 1351 1328 1442; x_wconf 88' lang='lat' dir='ltr'>praemis·</span> 
     </span>
     <span class='ocr_line' id='line_1_10' title="bbox 300 1465 1327 1566; baseline -0.008 -22"><span class='ocrx_word' id='word_1_61' title='bbox 300 1473 348 1544; x_wconf 88' lang='lat' dir='ltr'>sis</span> <span class='ocrx_word' id='word_1_62' title='bbox 363 1471 571 1566; x_wconf 87' lang='lat' dir='ltr'>positionem</span> <span class='ocrx_word' id='word_1_63' title='bbox 582 1468 800 1552; x_wconf 88' lang='lat' dir='ltr'>instituisset,</span> <span class='ocrx_word' id='word_1_64' title='bbox 823 1467 965 1538; x_wconf 90' lang='lat' dir='ltr'>easdem</span> <span class='ocrx_word' id='word_1_65' title='bbox 977 1465 1105 1536; x_wconf 85' lang='lat' dir='ltr'>llamus</span> <span class='ocrx_word' id='word_1_66' title='bbox 1122 1467 1327 1558; x_wconf 91' lang='lat' dir='ltr'>plerumque</span> 
     </span>
    </p>
   </div>
   <div class='ocr_carea' id='block_1_3' title="bbox 183 1581 1329 1677">
    <p class='ocr_par' dir='ltr' id='par_1_3' title="bbox 183 1581 1329 1677">
     <span class='ocr_line' id='line_1_11' title="bbox 183 1581 1329 1677; baseline -0.006 -16"><span class='ocrx_word' id='word_1_67' title='bbox 183 1593 189 1604; x_wconf 79' lang='grc'><strong><em>’</em></strong></span> <span class='ocrx_word' id='word_1_68' title='bbox 300 1589 441 1660; x_wconf 89' lang='lat' dir='ltr'>netinnit</span> <span class='ocrx_word' id='word_1_69' title='bbox 455 1637 465 1677; x_wconf 87' lang='lat'><strong><em>‚</em></strong></span> <span class='ocrx_word' id='word_1_70' title='bbox 481 1587 530 1659; x_wconf 90' lang='lat' dir='ltr'>ita</span> <span class='ocrx_word' id='word_1_71' title='bbox 541 1598 680 1674; x_wconf 89' lang='lat' dir='ltr'>tamen,</span> <span class='ocrx_word' id='word_1_72' title='bbox 703 1596 744 1657; x_wconf 94' lang='lat' dir='ltr'>nt</span> <span class='ocrx_word' id='word_1_73' title='bbox 759 1594 891 1658; x_wconf 86' lang='lat' dir='ltr'>mutata</span> <span class='ocrx_word' id='word_1_74' title='bbox 909 1583 1079 1674; x_wconf 88' lang='lat' dir='ltr'>cujusque</span> <span class='ocrx_word' id='word_1_75' title='bbox 1096 1581 1219 1674; x_wconf 84' lang='lat' dir='ltr'>figurae</span> <span class='ocrx_word' id='word_1_76' title='bbox 1243 1583 1329 1654; x_wconf 91' lang='lat' dir='ltr'>defi-</span> 
     </span>
    </p>
   </div>
   <div class='ocr_carea' id='block_1_4' title="bbox 299 1701 1328 2858">
    <p class='ocr_par' dir='ltr' id='par_1_4' title="bbox 299 1701 1328 2858">
     <span class='ocr_line' id='line_1_12' title="bbox 301 1701 1325 1795; baseline -0.004 -17"><span class='ocrx_word' id='word_1_77' title='bbox 301 1706 431 1778; x_wconf 87' lang='lat' dir='ltr'>uitione</span> <span class='ocrx_word' id='word_1_78' title='bbox 437 1755 448 1791; x_wconf 97' lang='lat'>,</span> <span class='ocrx_word' id='word_1_79' title='bbox 469 1705 557 1775; x_wconf 91' lang='lat' dir='ltr'>ordo</span> <span class='ocrx_word' id='word_1_80' title='bbox 571 1724 713 1795; x_wconf 90' lang='lat' dir='ltr'>quoquc</span> <span class='ocrx_word' id='word_1_81' title='bbox 724 1713 759 1774; x_wconf 91' lang='lat' dir='ltr'>et</span> <span class='ocrx_word' id='word_1_82' title='bbox 774 1705 875 1772; x_wconf 88' lang='lat' dir='ltr'>locus</span> <span class='ocrx_word' id='word_1_83' title='bbox 891 1709 1122 1771; x_wconf 90' lang='lat' dir='ltr'>commutatus</span> <span class='ocrx_word' id='word_1_84' title='bbox 1138 1701 1240 1772; x_wconf 87' lang='lat' dir='ltr'>fuerit</span> <span class='ocrx_word' id='word_1_85' title='bbox 1253 1703 1325 1792; x_wconf 76' lang='lat'><strong>(2);</strong></span> 
     </span>
     <span class='ocr_line' id='line_1_13' title="bbox 300 1818 1323 1913; baseline -0.006 -19"><span class='ocrx_word' id='word_1_86' title='bbox 300 1824 370 1894; x_wconf 92' lang='lat' dir='ltr'>imo</span> <span class='ocrx_word' id='word_1_87' title='bbox 402 1821 490 1894; x_wconf 92' lang='lat' dir='ltr'>duas</span> <span class='ocrx_word' id='word_1_88' title='bbox 516 1829 652 1892; x_wconf 88' lang='lat' dir='ltr'>tantum</span> <span class='ocrx_word' id='word_1_89' title='bbox 684 1821 818 1913; x_wconf 91' lang='lat' dir='ltr'>species</span> <span class='ocrx_word' id='word_1_90' title='bbox 855 1818 1045 1909; x_wconf 91' lang='lat' dir='ltr'>aliquando</span> <span class='ocrx_word' id='word_1_91' title='bbox 1086 1819 1225 1890; x_wconf 85' lang='lat' dir='ltr'>admisit</span> <span class='ocrx_word' id='word_1_92' title='bbox 1258 1821 1323 1909; x_wconf 91' lang='grc'>().</span> 
     </span>
     <span class='ocr_line' id='line_1_14' title="bbox 299 1937 1324 2029; baseline -0.001 -19"><span class='ocrx_word' id='word_1_93' title='bbox 299 1942 473 2025; x_wconf 86' lang='lat' dir='ltr'>Quantum</span> <span class='ocrx_word' id='word_1_94' title='bbox 485 1948 602 2010; x_wconf 87' lang='lat' dir='ltr'>autem</span> <span class='ocrx_word' id='word_1_95' title='bbox 623 1939 680 2010; x_wconf 93' lang='lat' dir='ltr'>ille</span> <span class='ocrx_word' id='word_1_96' title='bbox 692 1938 860 2010; x_wconf 86' lang='lat' dir='ltr'>erraverit</span> <span class='ocrx_word' id='word_1_97' title='bbox 874 1938 973 2008; x_wconf 89' lang='lat' dir='ltr'>lacile</span> <span class='ocrx_word' id='word_1_98' title='bbox 992 1937 1160 2029; x_wconf 83' lang='lat' dir='ltr'>intelligat</span> <span class='ocrx_word' id='word_1_99' title='bbox 1177 1938 1324 2029; x_wconf 90' lang='lat' dir='ltr'>aliquis,</span> 
     </span>
     <span class='ocr_line' id='line_1_15' title="bbox 300 2055 1328 2150; baseline -0.003 -21"><span class='ocrx_word' id='word_1_100' title='bbox 300 2079 409 2150; x_wconf 92' lang='lat' dir='ltr'>quum</span> <span class='ocrx_word' id='word_1_101' title='bbox 431 2079 501 2128; x_wconf 91' lang='lat' dir='ltr'>una</span> <span class='ocrx_word' id='word_1_102' title='bbox 525 2058 671 2148; x_wconf 90' lang='lat' dir='ltr'>solaque</span> <span class='ocrx_word' id='word_1_103' title='bbox 694 2077 799 2149; x_wconf 91' lang='lat' dir='ltr'>quam</span> <span class='ocrx_word' id='word_1_104' title='bbox 824 2057 860 2126; x_wconf 93' lang='lat' dir='ltr'>in</span> <span class='ocrx_word' id='word_1_105' title='bbox 884 2055 943 2125; x_wconf 91' lang='lat' dir='ltr'>tali</span> <span class='ocrx_word' id='word_1_106' title='bbox 966 2055 1138 2126; x_wconf 88' lang='lat' dir='ltr'>divisione</span> <span class='ocrx_word' id='word_1_107' title='bbox 1164 2057 1328 2126; x_wconf 86' lang='lat' dir='ltr'>adhibere</span> 
     </span>
     <span class='ocr_line' id='line_1_16' title="bbox 299 2173 1327 2266; baseline -0.004 -18"><span class='ocrx_word' id='word_1_108' title='bbox 299 2177 401 2250; x_wconf 87' lang='lat' dir='ltr'>liceat</span> <span class='ocrx_word' id='word_1_109' title='bbox 412 2176 532 2266; x_wconf 81' lang='lat' dir='ltr'>regula</span> <span class='ocrx_word' id='word_1_110' title='bbox 547 2175 741 2246; x_wconf 85' lang='lat' dir='ltr'>usnsluerit</span> <span class='ocrx_word' id='word_1_111' title='bbox 758 2173 971 2245; x_wconf 83' lang='lat' dir='ltr'>Aristoteles.</span> <span class='ocrx_word' id='word_1_112' title='bbox 989 2175 1063 2244; x_wconf 94' lang='lat' dir='ltr'>lmo</span> <span class='ocrx_word' id='word_1_113' title='bbox 1076 2175 1224 2263; x_wconf 88' lang='lat' dir='ltr'>Ramus,</span> <span class='ocrx_word' id='word_1_114' title='bbox 1244 2175 1327 2244; x_wconf 90' lang='lat' dir='ltr'>dum</span> 
     </span>
     <span class='ocr_line' id='line_1_17' title="bbox 300 2293 1327 2390; baseline -0.004 -22"><span class='ocrx_word' id='word_1_115' title='bbox 300 2296 417 2390; x_wconf 87' lang='lat' dir='ltr'>spinas</span> <span class='ocrx_word' id='word_1_116' title='bbox 437 2293 560 2386; x_wconf 82' lang='lat' dir='ltr'>logicae</span> <span class='ocrx_word' id='word_1_117' title='bbox 579 2294 645 2364; x_wconf 89' lang='lat' dir='ltr'>arti</span> <span class='ocrx_word' id='word_1_118' title='bbox 665 2315 685 2364; x_wconf 92' lang='lat' dir='ltr'>a</span> <span class='ocrx_word' id='word_1_119' title='bbox 709 2293 922 2366; x_wconf 85' lang='lat' dir='ltr'>scholasticis</span> <span class='ocrx_word' id='word_1_120' title='bbox 947 2293 1150 2365; x_wconf 88' lang='lat' dir='ltr'>doctoribus</span> <span class='ocrx_word' id='word_1_121' title='bbox 1176 2293 1327 2364; x_wconf 86' lang='lat' dir='ltr'>intextas</span> 
     </span>
     <span class='ocr_line' id='line_1_18' title="bbox 300 2411 1327 2500; baseline -0.005 -16"><span class='ocrx_word' id='word_1_122' title='bbox 300 2414 446 2485; x_wconf 90' lang='lat' dir='ltr'>evellere</span> <span class='ocrx_word' id='word_1_123' title='bbox 479 2419 676 2498; x_wconf 88' lang='lat' dir='ltr'>conaretur,</span> <span class='ocrx_word' id='word_1_124' title='bbox 706 2433 748 2482; x_wconf 91' lang='lat' dir='ltr'>ea</span> <span class='ocrx_word' id='word_1_125' title='bbox 773 2411 907 2500; x_wconf 87' lang='lat' dir='ltr'>omisit,</span> <span class='ocrx_word' id='word_1_126' title='bbox 931 2432 1011 2500; x_wconf 88' lang='lat' dir='ltr'>quae</span> <span class='ocrx_word' id='word_1_127' title='bbox 1029 2432 1100 2480; x_wconf 94' lang='lat' dir='ltr'>non</span> <span class='ocrx_word' id='word_1_128' title='bbox 1124 2411 1229 2482; x_wconf 91' lang='lat' dir='ltr'>modo</span> <span class='ocrx_word' id='word_1_129' title='bbox 1255 2432 1327 2481; x_wconf 94' lang='lat' dir='ltr'>non</span> 
     </span>
     <span class='ocr_line' id='line_1_19' title="bbox 302 2529 1325 2624; baseline -0.002 -22"><span class='ocrx_word' id='word_1_130' title='bbox 302 2532 435 2602; x_wconf 90' lang='lat' dir='ltr'>inutilia</span> <span class='ocrx_word' id='word_1_131' title='bbox 453 2530 515 2602; x_wconf 90' lang='lat' dir='ltr'>sed</span> <span class='ocrx_word' id='word_1_132' title='bbox 540 2530 643 2601; x_wconf 92' lang='lat' dir='ltr'>etiam</span> <span class='ocrx_word' id='word_1_133' title='bbox 668 2530 810 2600; x_wconf 90' lang='lat' dir='ltr'>omnino</span> <span class='ocrx_word' id='word_1_134' title='bbox 834 2529 1028 2599; x_wconf 87' lang='lat' dir='ltr'>necessaria</span> <span class='ocrx_word' id='word_1_135' title='bbox 1047 2537 1162 2600; x_wconf 88' lang='lat' dir='ltr'>essent</span> <span class='ocrx_word' id='word_1_136' title='bbox 1189 2556 1196 2598; x_wconf 90' lang='lat'>:</span> <span class='ocrx_word' id='word_1_137' title='bbox 1219 2532 1325 2624; x_wconf 80' lang='lat' dir='ltr'>syllo-</span> 
     </span>
     <span class='ocr_line' id='line_1_20' title="bbox 304 2645 1327 2739; baseline -0.001 -21"><span class='ocrx_word' id='word_1_138' title='bbox 304 2649 433 2738; x_wconf 86' lang='lat' dir='ltr'>gismos</span> <span class='ocrx_word' id='word_1_139' title='bbox 444 2667 568 2739; x_wconf 90' lang='lat' dir='ltr'>nempe</span> <span class='ocrx_word' id='word_1_140' title='bbox 582 2655 716 2738; x_wconf 87' lang='lat' dir='ltr'>quartae</span> <span class='ocrx_word' id='word_1_141' title='bbox 730 2645 853 2736; x_wconf 86' lang='lat' dir='ltr'>figurae</span> <span class='ocrx_word' id='word_1_142' title='bbox 867 2699 875 2735; x_wconf 91' lang='lat'><strong><em>‚</em></strong></span> <span class='ocrx_word' id='word_1_143' title='bbox 898 2667 989 2738; x_wconf 92' lang='lat' dir='ltr'>quos</span> <span class='ocrx_word' id='word_1_144' title='bbox 1003 2646 1188 2716; x_wconf 89' lang='lat' dir='ltr'>indirectos</span> <span class='ocrx_word' id='word_1_145' title='bbox 1203 2647 1327 2738; x_wconf 86' lang='lat' dir='ltr'>primae</span> 
     </span>
     <span class='ocr_line' id='line_1_21' title="bbox 303 2763 1327 2858; baseline 0.001 -24"><span class='ocrx_word' id='word_1_146' title='bbox 303 2765 425 2854; x_wconf 86' lang='lat' dir='ltr'>figurae</span> <span class='ocrx_word' id='word_1_147' title='bbox 438 2764 563 2834; x_wconf 92' lang='lat' dir='ltr'>modos</span> <span class='ocrx_word' id='word_1_148' title='bbox 575 2764 787 2858; x_wconf 87' lang='lat' dir='ltr'>peripatetici</span> <span class='ocrx_word' id='word_1_149' title='bbox 801 2773 950 2853; x_wconf 82' lang='lat' dir='ltr'>vocant3</span> <span class='ocrx_word' id='word_1_150' title='bbox 967 2764 1090 2834; x_wconf 86' lang='lat' dir='ltr'>deinde</span> <span class='ocrx_word' id='word_1_151' title='bbox 1102 2763 1219 2835; x_wconf 88' lang='lat' dir='ltr'>utilem</span> <span class='ocrx_word' id='word_1_152' title='bbox 1231 2765 1327 2835; x_wconf 93' lang='lat' dir='ltr'>illam</span> 
     </span>
    </p>
   </div>
   <div class='ocr_carea' id='block_1_5' title="bbox 300 3045 1368 3609">
    <p class='ocr_par' dir='ltr' id='par_1_5' title="bbox 301 3045 1325 3361">
     <span class='ocr_line' id='line_1_22' title="bbox 334 3045 1325 3114; baseline 0.003 -18"><span class='ocrx_word' id='word_1_153' title='bbox 334 3045 370 3110; x_wconf 83' lang='lat' dir='ltr'>(i)</span> <span class='ocrx_word' id='word_1_154' title='bbox 388 3047 461 3108; x_wconf 75' lang='lat' dir='ltr'>Peius</span> <span class='ocrx_word' id='word_1_155' title='bbox 474 3049 549 3096; x_wconf 87' lang='lat' dir='ltr'>ctiam</span> <span class='ocrx_word' id='word_1_156' title='bbox 558 3047 636 3097; x_wconf 83' lang='lat' dir='ltr'>llamo</span> <span class='ocrx_word' id='word_1_157' title='bbox 649 3047 706 3098; x_wconf 87' lang='lat' dir='ltr'>iecit</span> <span class='ocrx_word' id='word_1_158' title='bbox 718 3047 860 3099; x_wconf 86' lang='lat' dir='ltr'>Gassendns</span> <span class='ocrx_word' id='word_1_159' title='bbox 871 3049 967 3114; x_wconf 88' lang='lat' dir='ltr'>(instit.</span> <span class='ocrx_word' id='word_1_160' title='bbox 978 3049 1044 3112; x_wconf 69' lang='lat' dir='ltr'>leg,</span> <span class='ocrx_word' id='word_1_161' title='bbox 1062 3053 1126 3112; x_wconf 87' lang='lat' dir='ltr'>part.</span> <span class='ocrx_word' id='word_1_162' title='bbox 1141 3048 1187 3110; x_wconf 93' lang='lat' dir='ltr'>lli,</span> <span class='ocrx_word' id='word_1_163' title='bbox 1206 3061 1263 3098; x_wconf 89' lang='lat' dir='ltr'>can.</span> <span class='ocrx_word' id='word_1_164' title='bbox 1276 3049 1325 3114; x_wconf 85' lang='lat' dir='ltr'>V),</span> 
     </span>
     <span class='ocr_line' id='line_1_23' title="bbox 301 3131 1325 3194; baseline -0.001 -12"><span class='ocrx_word' id='word_1_165' title='bbox 301 3134 345 3194; x_wconf 90' lang='lat' dir='ltr'>qui</span> <span class='ocrx_word' id='word_1_166' title='bbox 355 3135 405 3182; x_wconf 85' lang='lat' dir='ltr'>tres</span> <span class='ocrx_word' id='word_1_167' title='bbox 418 3131 619 3194; x_wconf 83' lang='lat' dir='ltr'>syllogismorum</span> <span class='ocrx_word' id='word_1_168' title='bbox 627 3133 719 3193; x_wconf 88' lang='lat' dir='ltr'>species</span> <span class='ocrx_word' id='word_1_169' title='bbox 729 3133 839 3182; x_wconf 86' lang='lat' dir='ltr'>institnit</span> <span class='ocrx_word' id='word_1_170' title='bbox 849 3152 855 3182; x_wconf 72' lang='grc' dir='ltr'><strong><em>ι</em></strong></span> <span class='ocrx_word' id='word_1_171' title='bbox 867 3133 1008 3194; x_wconf 82' lang='lat' dir='ltr'>generales,</span> <span class='ocrx_word' id='word_1_172' title='bbox 1019 3132 1181 3194; x_wconf 85' lang='lat' dir='ltr'>particulares</span> <span class='ocrx_word' id='word_1_173' title='bbox 1189 3137 1213 3181; x_wconf 93' lang='lat' dir='ltr'>ei</span> <span class='ocrx_word' id='word_1_174' title='bbox 1223 3133 1325 3182; x_wconf 82' lang='lat' dir='ltr'>mistos:</span> 
     </span>
     <span class='ocr_line' id='line_1_24' title="bbox 302 3215 1325 3280; baseline 0 -14"><span class='ocrx_word' id='word_1_175' title='bbox 302 3217 356 3267; x_wconf 84' lang='lat' dir='ltr'>lnce</span> <span class='ocrx_word' id='word_1_176' title='bbox 374 3218 494 3268; x_wconf 89' lang='lat' dir='ltr'>nimirum</span> <span class='ocrx_word' id='word_1_177' title='bbox 516 3216 604 3266; x_wconf 84' lang='lat' dir='ltr'>divisio</span> <span class='ocrx_word' id='word_1_178' title='bbox 619 3215 722 3266; x_wconf 82' lang='lat' dir='ltr'>confusa</span> <span class='ocrx_word' id='word_1_179' title='bbox 740 3221 795 3277; x_wconf 88' lang='lat' dir='ltr'>est,</span> <span class='ocrx_word' id='word_1_180' title='bbox 818 3230 899 3279; x_wconf 89' lang='lat' dir='ltr'>neque</span> <span class='ocrx_word' id='word_1_181' title='bbox 920 3218 980 3266; x_wconf 90' lang='lat' dir='ltr'>satis</span> <span class='ocrx_word' id='word_1_182' title='bbox 998 3216 1081 3278; x_wconf 76' lang='lat' dir='ltr'>logica</span> <span class='ocrx_word' id='word_1_183' title='bbox 1100 3217 1136 3265; x_wconf 89' lang='lat' dir='ltr'>iili</span> <span class='ocrx_word' id='word_1_184' title='bbox 1158 3219 1325 3280; x_wconf 83' lang='lat' dir='ltr'>perspicuitati</span> 
     </span>
     <span class='ocr_line' id='line_1_25' title="bbox 301 3301 422 3361; baseline -0.017 -12"><span class='ocrx_word' id='word_1_185' title='bbox 301 3301 422 3361; x_wconf 81' lang='lat' dir='ltr'>congruit.</span> 
     </span>
    </p>

    <p class='ocr_par' dir='ltr' id='par_1_6' title="bbox 300 3381 1368 3609">
     <span class='ocr_line' id='line_1_26' title="bbox 333 3381 1325 3446; baseline -0.001 -14"><span class='ocrx_word' id='word_1_186' title='bbox 333 3383 365 3444; x_wconf 77' lang='lat' dir='ltr'>(i)</span> <span class='ocrx_word' id='word_1_187' title='bbox 381 3381 462 3433; x_wconf 84' lang='lat' dir='ltr'>schol.</span> <span class='ocrx_word' id='word_1_188' title='bbox 477 3381 546 3442; x_wconf 84' lang='lat' dir='ltr'>dial,</span> <span class='ocrx_word' id='word_1_189' title='bbox 563 3383 581 3432; x_wconf 89' lang='lat' dir='ltr'>l.</span> <span class='ocrx_word' id='word_1_190' title='bbox 591 3381 646 3443; x_wconf 88' lang='lat' dir='ltr'>Vll,</span> <span class='ocrx_word' id='word_1_191' title='bbox 660 3396 684 3432; x_wconf 86' lang='lat' dir='ltr'>r.</span> <span class='ocrx_word' id='word_1_192' title='bbox 696 3387 774 3446; x_wconf 74' lang='lat' dir='ltr'>seqq.</span> <span class='ocrx_word' id='word_1_193' title='bbox 789 3385 905 3434; x_wconf 80' lang='lat' dir='ltr'>Attamen</span> <span class='ocrx_word' id='word_1_194' title='bbox 917 3395 997 3445; x_wconf 87' lang='lat' dir='ltr'>usque</span> <span class='ocrx_word' id='word_1_195' title='bbox 1012 3381 1044 3432; x_wconf 86' lang='lat' dir='ltr'>ad</span> <span class='ocrx_word' id='word_1_196' title='bbox 1064 3395 1160 3431; x_wconf 88' lang='lat' dir='ltr'>annum</span> <span class='ocrx_word' id='word_1_197' title='bbox 1177 3384 1235 3433; x_wconf 76' lang='lat' dir='ltr'>tirso</span> <span class='ocrx_word' id='word_1_198' title='bbox 1249 3382 1325 3442; x_wconf 82' lang='lat' dir='ltr'>(Dia-</span> 
     </span>
     <span class='ocr_line' id='line_1_27' title="bbox 300 3463 1368 3528; baseline 0.002 -16"><span class='ocrx_word' id='word_1_199' title='bbox 300 3464 373 3520; x_wconf 78' lang='lat' dir='ltr'>lect,</span> <span class='ocrx_word' id='word_1_200' title='bbox 383 3464 427 3513; x_wconf 88' lang='lat' dir='ltr'>lib.</span> <span class='ocrx_word' id='word_1_201' title='bbox 438 3463 483 3526; x_wconf 85' lang='lat' dir='ltr'>ll),</span> <span class='ocrx_word' id='word_1_202' title='bbox 497 3464 790 3526; x_wconf 78' lang='lat' dir='ltr'>iresirisioreiisnguras</span> <span class='ocrx_word' id='word_1_203' title='bbox 801 3479 860 3515; x_wconf 91' lang='lat' dir='ltr'>curn</span> <span class='ocrx_word' id='word_1_204' title='bbox 871 3467 968 3528; x_wconf 87' lang='lat' dir='ltr'>propria</span> <span class='ocrx_word' id='word_1_205' title='bbox 978 3465 1114 3527; x_wconf 86' lang='lat' dir='ltr'>eademque</span> <span class='ocrx_word' id='word_1_206' title='bbox 1124 3465 1272 3528; x_wconf 81' lang='lat' dir='ltr'>pereleganti</span> <span class='ocrx_word' id='word_1_207' title='bbox 1282 3465 1325 3514; x_wconf 88' lang='lat' dir='ltr'>de·</span> <span class='ocrx_word' id='word_1_208' title='bbox 1366 3475 1368 3479; x_wconf 76' lang='grc'>’</span> 
     </span>
     <span class='ocr_line' id='line_1_28' title="bbox 301 3544 1324 3609; baseline 0.003 -15"><span class='ocrx_word' id='word_1_209' title='bbox 301 3544 428 3605; x_wconf 82' lang='lat' dir='ltr'>linitione,</span> <span class='ocrx_word' id='word_1_210' title='bbox 438 3549 513 3606; x_wconf 88' lang='lat' dir='ltr'>utque</span> <span class='ocrx_word' id='word_1_211' title='bbox 523 3546 706 3597; x_wconf 78' lang='lat' dir='ltr'>Aristotelicum</span> <span class='ocrx_word' id='word_1_212' title='bbox 719 3547 831 3597; x_wconf 89' lang='lat' dir='ltr'>ordinem</span> <span class='ocrx_word' id='word_1_213' title='bbox 841 3551 984 3597; x_wconf 89' lang='lat' dir='ltr'>retinuerat.</span> <span class='ocrx_word' id='word_1_214' title='bbox 998 3548 1068 3609; x_wconf 85' lang='lat' dir='ltr'>Quod</span> <span class='ocrx_word' id='word_1_215' title='bbox 1082 3548 1183 3608; x_wconf 87' lang='lat' dir='ltr'>quidem</span> <span class='ocrx_word' id='word_1_216' title='bbox 1193 3547 1324 3598; x_wconf 83' lang='lat' dir='ltr'>comisce-</span> 
     </span>
    </p>
   </div>
   <div class='ocr_carea' id='block_1_6' title="bbox 294 3627 1330 4268">
    <p class='ocr_par' dir='ltr' id='par_1_7' title="bbox 297 3627 1325 3942">
     <span class='ocr_line' id='line_1_29' title="bbox 301 3627 1323 3693; baseline 0.003 -17"><span class='ocrx_word' id='word_1_217' title='bbox 301 3629 352 3677; x_wconf 91' lang='lat' dir='ltr'>rlnt</span> <span class='ocrx_word' id='word_1_218' title='bbox 361 3627 426 3675; x_wconf 80' lang='lat' dir='ltr'>Artis</span> <span class='ocrx_word' id='word_1_219' title='bbox 434 3628 556 3687; x_wconf 82' lang='lat' dir='ltr'>cogitandi</span> <span class='ocrx_word' id='word_1_220' title='bbox 565 3633 796 3687; x_wconf 86' lang='lat' dir='ltr'>auctores‚inventa</span> <span class='ocrx_word' id='word_1_221' title='bbox 803 3643 939 3693; x_wconf 87' lang='lat' dir='ltr'>sanequam</span> <span class='ocrx_word' id='word_1_222' title='bbox 947 3629 1070 3680; x_wconf 87' lang='lat' dir='ltr'>mirabilia</span> <span class='ocrx_word' id='word_1_223' title='bbox 1078 3632 1323 3692; x_wconf 75' lang='lat' dir='ltr'>iniustocuntcmptu</span> 
     </span>
     <span class='ocr_line' id='line_1_30' title="bbox 300 3707 1325 3776; baseline 0.004 -18"><span class='ocrx_word' id='word_1_224' title='bbox 300 3707 506 3772; x_wconf 84' lang='lat' dir='ltr'>premunt(pnrt.</span> <span class='ocrx_word' id='word_1_225' title='bbox 519 3710 569 3770; x_wconf 89' lang='grc' dir='ltr'>ΙΙΙ,</span> <span class='ocrx_word' id='word_1_226' title='bbox 582 3723 604 3758; x_wconf 89' lang='lat' dir='ltr'>e.</span> <span class='ocrx_word' id='word_1_227' title='bbox 617 3715 631 3760; x_wconf 86' lang='grc'>3</span> <span class='ocrx_word' id='word_1_228' title='bbox 646 3714 692 3760; x_wconf 90' lang='lat' dir='ltr'>init</span> <span class='ocrx_word' id='word_1_229' title='bbox 704 3716 722 3776; x_wconf 70' lang='grc' dir='ltr'>Ι.</span> <span class='ocrx_word' id='word_1_230' title='bbox 737 3712 801 3762; x_wconf 87' lang='lat' dir='ltr'>llale</span> <span class='ocrx_word' id='word_1_231' title='bbox 816 3717 900 3763; x_wconf 89' lang='lat' dir='ltr'>autem</span> <span class='ocrx_word' id='word_1_232' title='bbox 911 3712 1054 3763; x_wconf 85' lang='lat' dir='ltr'>Gassendns</span> <span class='ocrx_word' id='word_1_233' title='bbox 1067 3725 1096 3762; x_wconf 90' lang='lat' dir='ltr'>ec</span> <span class='ocrx_word' id='word_1_234' title='bbox 1112 3715 1138 3762; x_wconf 92' lang='lat' dir='ltr'>in</span> <span class='ocrx_word' id='word_1_235' title='bbox 1156 3714 1222 3772; x_wconf 90' lang='lat' dir='ltr'>leco,</span> <span class='ocrx_word' id='word_1_236' title='bbox 1240 3727 1325 3774; x_wconf 90' lang='lat' dir='ltr'>quan-</span> 
     </span>
     <span class='ocr_line' id='line_1_31' title="bbox 298 3790 1325 3857; baseline 0.005 -17"><span class='ocrx_word' id='word_1_237' title='bbox 298 3804 375 3855; x_wconf 84' lang='lat' dir='ltr'>quam</span> <span class='ocrx_word' id='word_1_238' title='bbox 394 3790 464 3841; x_wconf 86' lang='lat' dir='ltr'>haud</span> <span class='ocrx_word' id='word_1_239' title='bbox 482 3792 634 3850; x_wconf 72' lang='lat' dir='ltr'>ineleganter</span> <span class='ocrx_word' id='word_1_240' title='bbox 651 3793 742 3854; x_wconf 83' lang='lat' dir='ltr'>ligurus</span> <span class='ocrx_word' id='word_1_241' title='bbox 756 3795 888 3856; x_wconf 86' lang='lat' dir='ltr'>qualitate,</span> <span class='ocrx_word' id='word_1_242' title='bbox 909 3796 961 3845; x_wconf 87' lang='lat' dir='ltr'>sula</span> <span class='ocrx_word' id='word_1_243' title='bbox 981 3799 1066 3846; x_wconf 88' lang='lat' dir='ltr'>autem</span> <span class='ocrx_word' id='word_1_244' title='bbox 1079 3799 1219 3857; x_wconf 88' lang='lat' dir='ltr'>quantitate</span> <span class='ocrx_word' id='word_1_245' title='bbox 1238 3796 1325 3845; x_wconf 88' lang='lat' dir='ltr'>modus</span> 
     </span>
     <span class='ocr_line' id='line_1_32' title="bbox 297 3875 972 3942; baseline 0.004 -17"><span class='ocrx_word' id='word_1_246' title='bbox 297 3878 365 3926; x_wconf 88' lang='lat' dir='ltr'>inter</span> <span class='ocrx_word' id='word_1_247' title='bbox 375 3887 401 3924; x_wconf 89' lang='lat' dir='ltr'>se</span> <span class='ocrx_word' id='word_1_248' title='bbox 412 3875 524 3926; x_wconf 79' lang='lat' dir='ltr'>distinxit</span> <span class='ocrx_word' id='word_1_249' title='bbox 537 3877 615 3938; x_wconf 88' lang='lat' dir='ltr'>(inst.</span> <span class='ocrx_word' id='word_1_250' title='bbox 627 3876 690 3937; x_wconf 65' lang='lat' dir='ltr'>ing„</span> <span class='ocrx_word' id='word_1_251' title='bbox 701 3881 764 3940; x_wconf 89' lang='lat' dir='ltr'>part.</span> <span class='ocrx_word' id='word_1_252' title='bbox 777 3878 826 3938; x_wconf 89' lang='grc' dir='ltr'>ΙΙΙ,</span> <span class='ocrx_word' id='word_1_253' title='bbox 836 3892 892 3926; x_wconf 85' lang='lat' dir='ltr'>ran.</span> <span class='ocrx_word' id='word_1_254' title='bbox 904 3883 927 3937; x_wconf 81' lang='lat'>⁴2,</span> <span class='ocrx_word' id='word_1_255' title='bbox 938 3879 972 3942; x_wconf 84' lang='lat'>5).</span> 
     </span>
    </p>

    <p class='ocr_par' dir='ltr' id='par_1_8' title="bbox 294 3958 1330 4268">
     <span class='ocr_line' id='line_1_33' title="bbox 328 3958 1322 4024; baseline 0 -14"><span class='ocrx_word' id='word_1_256' title='bbox 328 3958 366 4024; x_wconf 78' lang='grc'>(3)</span> <span class='ocrx_word' id='word_1_257' title='bbox 381 3959 435 4009; x_wconf 88' lang='lat' dir='ltr'>Vid.</span> <span class='ocrx_word' id='word_1_258' title='bbox 448 3964 564 4023; x_wconf 88' lang='lat' dir='ltr'>pestrem.</span> <span class='ocrx_word' id='word_1_259' title='bbox 578 3959 716 4010; x_wconf 81' lang='lat' dir='ltr'>liialecticoe</span> <span class='ocrx_word' id='word_1_260' title='bbox 730 3959 804 4020; x_wconf 86' lang='lat' dir='ltr'>edit,</span> <span class='ocrx_word' id='word_1_261' title='bbox 820 3962 835 4009; x_wconf 92' lang='lat' dir='ltr'>i.</span> <span class='ocrx_word' id='word_1_262' title='bbox 848 3963 878 4022; x_wconf 91' lang='lat' dir='ltr'>ll,</span> <span class='ocrx_word' id='word_1_263' title='bbox 890 3976 914 4024; x_wconf 92' lang='lat' dir='ltr'>p.</span> <span class='ocrx_word' id='word_1_264' title='bbox 928 3966 980 4021; x_wconf 83' lang='grc'>130,</span> <span class='ocrx_word' id='word_1_265' title='bbox 997 3961 1322 4024; x_wconf 77' lang='lat' dir='ltr'>135.··Speciesduaesnni=</span> 
     </span>
     <span class='ocr_line' id='line_1_34' title="bbox 296 4031 1324 4106; baseline 0 -14"><span class='ocrx_word' id='word_1_266' title='bbox 296 4045 390 4104; x_wconf 90' lang='lat' dir='ltr'>prima,</span> <span class='ocrx_word' id='word_1_267' title='bbox 400 4042 442 4092; x_wconf 92' lang='lat' dir='ltr'>ubl</span> <span class='ocrx_word' id='word_1_268' title='bbox 459 4046 635 4104; x_wconf 80' lang='lat' dir='ltr'>argumentum</span> <span class='ocrx_word' id='word_1_269' title='bbox 646 4055 743 4105; x_wconf 84' lang='lat' dir='ltr'>semper</span> <span class='ocrx_word' id='word_1_270' title='bbox 756 4045 876 4104; x_wconf 85' lang='lat' dir='ltr'>sequitur,</span> <span class='ocrx_word' id='word_1_271' title='bbox 890 4031 1010 4105; x_wconf 82' lang='lat' dir='ltr'>negatum</span> <span class='ocrx_word' id='word_1_272' title='bbox 1024 4047 1049 4092; x_wconf 91' lang='lat' dir='ltr'>in</span> <span class='ocrx_word' id='word_1_273' title='bbox 1060 4044 1138 4093; x_wconf 84' lang='lat' dir='ltr'>altera</span> <span class='ocrx_word' id='word_1_274' title='bbox 1148 4031 1234 4106; x_wconf 62' lang='lat' dir='ltr'>parte,</span> <span class='ocrx_word' id='word_1_275' title='bbox 1237 4077 1324 4093; x_wconf 91' lang='grc'><strong>.....</strong></span> 
     </span>
     <span class='ocr_line' id='line_1_35' title="bbox 294 4125 1330 4190; baseline 0.003 -16"><span class='ocrx_word' id='word_1_276' title='bbox 294 4128 417 4184; x_wconf 84' lang='lat' dir='ltr'>secunda,</span> <span class='ocrx_word' id='word_1_277' title='bbox 432 4126 473 4175; x_wconf 90' lang='lat' dir='ltr'>ubl</span> <span class='ocrx_word' id='word_1_278' title='bbox 487 4125 664 4186; x_wconf 79' lang='lat' dir='ltr'>argumentum</span> <span class='ocrx_word' id='word_1_279' title='bbox 677 4127 800 4176; x_wconf 85' lang='lat' dir='ltr'>unteeerlii</span> <span class='ocrx_word' id='word_1_280' title='bbox 813 4127 839 4174; x_wconf 88' lang='lat' dir='ltr'>in</span> <span class='ocrx_word' id='word_1_281' title='bbox 854 4131 1035 4190; x_wconf 85' lang='lat' dir='ltr'>propositione,</span> <span class='ocrx_word' id='word_1_282' title='bbox 1051 4127 1330 4188; x_wconf 80' lang='lat' dir='ltr'>sequituraiiiunatum·</span> 
     </span>
     <span class='ocr_line' id='line_1_36' title="bbox 294 4198 1237 4268; baseline 0.001 -10"><span class='ocrx_word' id='word_1_283' title='bbox 294 4210 530 4268; x_wconf 70' lang='lat' dir='ltr'>internetione.»</span> <span class='ocrx_word' id='word_1_284' title='bbox 754 4221 757 4226; x_wconf 92' lang='lat'>·</span> <span class='ocrx_word' id='word_1_285' title='bbox 1047 4229 1049 4232; x_wconf 95' lang='lat'>·</span> <span class='ocrx_word' id='word_1_286' title='bbox 1234 4198 1237 4203; x_wconf 77' lang='grc'><strong>’</strong></span> 
     </span>
    </p>
   </div>
   <div class='ocr_carea' id='block_1_7' title="bbox 0 0 1460 5066">
    <p class='ocr_par' dir='ltr' id='par_1_9' title="bbox 0 0 1460 5066">
     <span class='ocr_line' id='line_1_37' title="bbox 0 0 1460 5066; baseline 0 2"><span class='ocrx_word' id='word_1_287' title='bbox 0 0 1460 5066; x_wconf 95' lang='lat' dir='ltr'> </span> 
     </span>
    </p>
   </div>
  </div>
 </body>
</html>
