<?xml version="1.0" encoding="UTF-8"?>
<!DOCTYPE html PUBLIC "-//W3C//DTD XHTML 1.0 Transitional//EN"
    "http://www.w3.org/TR/xhtml1/DTD/xhtml1-transitional.dtd">
<html xmlns="http://www.w3.org/1999/xhtml" xml:lang="en" lang="en">
 <head>
  <title>
</title>
<meta http-equiv="Content-Type" content="text/html;charset=utf-8" />
  <meta name='ocr-system' content='tesseract 3.04.00' />
  <meta name='ocr-capabilities' content='ocr_page ocr_carea ocr_par ocr_line ocrx_word'/>
</head>
<body>
  <div class='ocr_page' id='page_1' title='image "./depetriramivita00waddgoog/depetriramivita00waddgoog_0103.png"; bbox 0 0 2916 5062; ppageno 0'>
   <div class='ocr_carea' id='block_1_1' title="bbox 686 415 878 488">
    <p class='ocr_par' dir='ltr' id='par_1_1' title="bbox 686 415 878 488">
     <span class='ocr_line' id='line_1_1' title="bbox 686 415 878 488; baseline 0 -22"><span class='ocrx_word' id='word_1_1' title='bbox 686 415 878 488; x_wconf 67' lang='lat' dir='ltr'><strong>..gq-</strong></span> 
     </span>
    </p>
   </div>
   <div class='ocr_carea' id='block_1_2' title="bbox 270 573 1297 1366">
    <p class='ocr_par' dir='ltr' id='par_1_2' title="bbox 272 573 1295 785">
     <span class='ocr_line' id='line_1_2' title="bbox 272 573 1295 672; baseline 0.005 -27"><span class='ocrx_word' id='word_1_2' title='bbox 272 593 410 646; x_wconf 83' lang='lat' dir='ltr'><strong>snmere</strong></span> <span class='ocrx_word' id='word_1_3' title='bbox 430 573 570 660; x_wconf 83' lang='lat' dir='ltr'><strong>debuit,</strong></span> <span class='ocrx_word' id='word_1_4' title='bbox 591 585 711 670; x_wconf 87' lang='lat' dir='ltr'><strong>utpote</strong></span> <span class='ocrx_word' id='word_1_5' title='bbox 730 577 766 646; x_wconf 96' lang='lat' dir='ltr'><strong>in</strong></span> <span class='ocrx_word' id='word_1_6' title='bbox 783 576 922 650; x_wconf 87' lang='lat' dir='ltr'><strong>civitate</strong></span> <span class='ocrx_word' id='word_1_7' title='bbox 934 586 1017 650; x_wconf 87' lang='lat' dir='ltr'><strong>tunc</strong></span> <span class='ocrx_word' id='word_1_8' title='bbox 1034 579 1200 672; x_wconf 84' lang='lat' dir='ltr'><strong>temporis</strong></span> <span class='ocrx_word' id='word_1_9' title='bbox 1214 587 1295 650; x_wconf 81' lang='lat' dir='ltr'><strong>anie</strong></span> 
     </span>
     <span class='ocr_line' id='line_1_3' title="bbox 272 692 736 785; baseline 0 -21"><span class='ocrx_word' id='word_1_10' title='bbox 272 713 393 764; x_wconf 89' lang='lat' dir='ltr'><strong>omnes</strong></span> <span class='ocrx_word' id='word_1_11' title='bbox 414 692 655 766; x_wconf 86' lang='lat' dir='ltr'><strong>florentissima</strong></span> <span class='ocrx_word' id='word_1_12' title='bbox 672 698 736 785; x_wconf 92' lang='lat' dir='ltr'><strong>(i).</strong></span> 
     </span>
    </p>

    <p class='ocr_par' dir='ltr' id='par_1_3' title="bbox 270 809 1297 1366">
     <span class='ocr_line' id='line_1_4' title="bbox 319 809 1293 905; baseline 0.007 -25"><span class='ocrx_word' id='word_1_13' title='bbox 319 809 451 882; x_wconf 87' lang='lat' dir='ltr'><strong>Dehinc</strong></span> <span class='ocrx_word' id='word_1_14' title='bbox 478 811 675 900; x_wconf 83' lang='lat' dir='ltr'><strong>Danubius,</strong></span> <span class='ocrx_word' id='word_1_15' title='bbox 702 813 893 904; x_wconf 77' lang='lat' dir='ltr'><strong>Noriberga</strong></span> <span class='ocrx_word' id='word_1_16' title='bbox 909 813 1101 905; x_wconf 81' lang='lat' dir='ltr'><strong>Augustam</strong></span> <span class='ocrx_word' id='word_1_17' title='bbox 1124 815 1293 902; x_wconf 83' lang='lat' dir='ltr'><strong>venienti,</strong></span> 
     </span>
     <span class='ocr_line' id='line_1_5' title="bbox 272 920 1295 1015; baseline 0.005 -26"><span class='ocrx_word' id='word_1_18' title='bbox 272 935 495 1012; x_wconf 79' lang='lat' dir='ltr'><strong>permagnam</strong></span> <span class='ocrx_word' id='word_1_19' title='bbox 507 920 770 993; x_wconf 79' lang='lat' dir='ltr'><strong>admirationem</strong></span> <span class='ocrx_word' id='word_1_20' title='bbox 783 931 818 994; x_wconf 89' lang='lat' dir='ltr'><strong>et</strong></span> <span class='ocrx_word' id='word_1_21' title='bbox 833 924 1046 1015; x_wconf 88' lang='lat' dir='ltr'><strong>voluptatem</strong></span> <span class='ocrx_word' id='word_1_22' title='bbox 1057 945 1121 996; x_wconf 91' lang='lat' dir='ltr'><strong>sua</strong></span> <span class='ocrx_word' id='word_1_23' title='bbox 1135 925 1295 1015; x_wconf 88' lang='lat' dir='ltr'><strong>amplitu-</strong></span> 
     </span>
     <span class='ocr_line' id='line_1_6' title="bbox 270 1036 1294 1136; baseline 0.004 -28"><span class='ocrx_word' id='word_1_24' title='bbox 270 1036 352 1108; x_wconf 85' lang='lat' dir='ltr'><strong>dine</strong></span> <span class='ocrx_word' id='word_1_25' title='bbox 369 1045 404 1108; x_wconf 90' lang='lat' dir='ltr'><strong>et</strong></span> <span class='ocrx_word' id='word_1_26' title='bbox 420 1037 602 1132; x_wconf 73' lang='lat' dir='ltr'><strong>rapiditate</strong></span> <span class='ocrx_word' id='word_1_27' title='bbox 627 1039 754 1130; x_wconf 70' lang='lat' dir='ltr'><strong>iniecit.</strong></span> <span class='ocrx_word' id='word_1_28' title='bbox 781 1039 937 1132; x_wconf 77' lang='lat' dir='ltr'><strong>Augusta</strong></span> <span class='ocrx_word' id='word_1_29' title='bbox 966 1041 1106 1114; x_wconf 85' lang='lat' dir='ltr'><strong>tandem</strong></span> <span class='ocrx_word' id='word_1_30' title='bbox 1134 1038 1187 1136; x_wconf 76' lang='lat'><strong>(2)</strong></span> <span class='ocrx_word' id='word_1_31' title='bbox 1210 1063 1294 1134; x_wconf 86' lang='lat' dir='ltr'><strong>per-</strong></span> 
     </span>
     <span class='ocr_line' id='line_1_7' title="bbox 271 1154 1297 1250; baseline 0.004 -26"><span class='ocrx_word' id='word_1_32' title='bbox 271 1154 421 1245; x_wconf 87' lang='lat' dir='ltr'><strong>placuit,</strong></span> <span class='ocrx_word' id='word_1_33' title='bbox 440 1177 642 1248; x_wconf 87' lang='lat' dir='ltr'><strong>quanquam</strong></span> <span class='ocrx_word' id='word_1_34' title='bbox 656 1158 705 1228; x_wconf 93' lang='lat' dir='ltr'><strong>ibi</strong></span> <span class='ocrx_word' id='word_1_35' title='bbox 719 1179 790 1230; x_wconf 93' lang='lat' dir='ltr'><strong>non</strong></span> <span class='ocrx_word' id='word_1_36' title='bbox 805 1160 913 1230; x_wconf 91' lang='lat' dir='ltr'><strong>multo</strong></span> <span class='ocrx_word' id='word_1_37' title='bbox 931 1159 1064 1232; x_wconf 90' lang='lat' dir='ltr'><strong>diutius</strong></span> <span class='ocrx_word' id='word_1_38' title='bbox 1078 1179 1185 1250; x_wconf 84' lang='lat' dir='ltr'><strong>quam</strong></span> <span class='ocrx_word' id='word_1_39' title='bbox 1197 1159 1297 1228; x_wconf 87' lang='lat' dir='ltr'><strong>Nori·</strong></span> 
     </span>
     <span class='ocr_line' id='line_1_8' title="bbox 273 1273 1296 1366; baseline 0.005 -23"><span class='ocrx_word' id='word_1_40' title='bbox 273 1273 392 1366; x_wconf 77' lang='lat' dir='ltr'><strong>bergae</strong></span> <span class='ocrx_word' id='word_1_41' title='bbox 409 1285 644 1348; x_wconf 88' lang='lat' dir='ltr'><strong>commoratus</strong></span> <span class='ocrx_word' id='word_1_42' title='bbox 659 1285 735 1348; x_wconf 85' lang='lat' dir='ltr'><strong>est:</strong></span> <span class='ocrx_word' id='word_1_43' title='bbox 756 1277 826 1348; x_wconf 91' lang='lat' dir='ltr'><strong>illic</strong></span> <span class='ocrx_word' id='word_1_44' title='bbox 842 1277 934 1348; x_wconf 85' lang='lat' dir='ltr'><strong>enim</strong></span> <span class='ocrx_word' id='word_1_45' title='bbox 951 1277 1092 1348; x_wconf 90' lang='lat' dir='ltr'><strong>unicum</strong></span> <span class='ocrx_word' id='word_1_46' title='bbox 1105 1276 1189 1348; x_wconf 91' lang='lat' dir='ltr'><strong>solis</strong></span> <span class='ocrx_word' id='word_1_47' title='bbox 1203 1275 1296 1348; x_wconf 87' lang='lat' dir='ltr'><strong>diem</strong></span> 
     </span>
    </p>
   </div>
   <div class='ocr_carea' id='block_1_3' title="bbox 273 1392 1297 1596">
    <p class='ocr_par' dir='ltr' id='par_1_4' title="bbox 273 1392 1297 1596">
     <span class='ocr_line' id='line_1_9' title="bbox 273 1392 1297 1487; baseline 0.005 -25"><span class='ocrx_word' id='word_1_48' title='bbox 273 1392 472 1484; x_wconf 82' lang='lat' dir='ltr'><strong>permansit.</strong></span> <span class='ocrx_word' id='word_1_49' title='bbox 491 1393 623 1466; x_wconf 86' lang='lat' dir='ltr'><strong>interea</strong></span> <span class='ocrx_word' id='word_1_50' title='bbox 635 1395 679 1465; x_wconf 91' lang='lat' dir='ltr'><strong>ab</strong></span> <span class='ocrx_word' id='word_1_51' title='bbox 692 1394 721 1464; x_wconf 89' lang='lat' dir='ltr'><strong>J.</strong></span> <span class='ocrx_word' id='word_1_52' title='bbox 736 1395 775 1464; x_wconf 88' lang='lat' dir='ltr'><strong>B.</strong></span> <span class='ocrx_word' id='word_1_53' title='bbox 790 1393 966 1466; x_wconf 87' lang='lat' dir='ltr'><strong>Hainzelio</strong></span> <span class='ocrx_word' id='word_1_54' title='bbox 978 1395 1119 1466; x_wconf 89' lang='lat' dir='ltr'><strong>consule</strong></span> <span class='ocrx_word' id='word_1_55' title='bbox 1131 1393 1297 1487; x_wconf 84' lang='lat' dir='ltr'><strong>primario</strong></span> 
     </span>
     <span class='ocr_line' id='line_1_10' title="bbox 273 1499 1296 1596; baseline 0.002 -24"><span class='ocrx_word' id='word_1_56' title='bbox 273 1501 411 1596; x_wconf 77' lang='lat' dir='ltr'><strong>agnitus</strong></span> <span class='ocrx_word' id='word_1_57' title='bbox 424 1511 458 1574; x_wconf 89' lang='lat' dir='ltr'><strong>et</strong></span> <span class='ocrx_word' id='word_1_58' title='bbox 473 1499 710 1576; x_wconf 78' lang='lat' dir='ltr'><strong>liberalissime</strong></span> <span class='ocrx_word' id='word_1_59' title='bbox 723 1513 890 1578; x_wconf 85' lang='lat' dir='ltr'><strong>tractatus</strong></span> <span class='ocrx_word' id='word_1_60' title='bbox 901 1514 972 1595; x_wconf 91' lang='lat' dir='ltr'><strong>est,</strong></span> <span class='ocrx_word' id='word_1_61' title='bbox 993 1505 1158 1577; x_wconf 89' lang='lat' dir='ltr'><strong>adhibitis</strong></span> <span class='ocrx_word' id='word_1_62' title='bbox 1168 1505 1204 1574; x_wconf 96' lang='lat' dir='ltr'><strong>in</strong></span> <span class='ocrx_word' id='word_1_63' title='bbox 1214 1525 1296 1576; x_wconf 91' lang='lat' dir='ltr'><strong>con-</strong></span> 
     </span>
    </p>
   </div>
   <div class='ocr_carea' id='block_1_4' title="bbox 274 1620 1305 3262">
    <p class='ocr_par' dir='ltr' id='par_1_5' title="bbox 274 1620 1300 3020">
     <span class='ocr_line' id='line_1_11' title="bbox 274 1620 1297 1711; baseline 0.004 -23"><span class='ocrx_word' id='word_1_64' title='bbox 274 1620 406 1691; x_wconf 93' lang='lat' dir='ltr'><strong>vivium</strong></span> <span class='ocrx_word' id='word_1_65' title='bbox 437 1621 582 1692; x_wconf 88' lang='lat' dir='ltr'><strong>eruditis</strong></span> <span class='ocrx_word' id='word_1_66' title='bbox 610 1621 718 1693; x_wconf 86' lang='lat' dir='ltr'><strong>variae</strong></span> <span class='ocrx_word' id='word_1_67' title='bbox 750 1621 919 1694; x_wconf 80' lang='lat' dir='ltr'><strong>docuinae</strong></span> <span class='ocrx_word' id='word_1_68' title='bbox 951 1622 1132 1711; x_wconf 88' lang='lat' dir='ltr'><strong>convivis,</strong></span> <span class='ocrx_word' id='word_1_69' title='bbox 1167 1622 1230 1695; x_wconf 85' lang='lat' dir='ltr'><strong>scd</strong></span> <span class='ocrx_word' id='word_1_70' title='bbox 1261 1622 1297 1692; x_wconf 91' lang='lat' dir='ltr'><strong>in</strong></span> 
     </span>
     <span class='ocr_line' id='line_1_12' title="bbox 275 1735 1294 1832; baseline 0.005 -27"><span class='ocrx_word' id='word_1_71' title='bbox 275 1735 395 1826; x_wconf 90' lang='lat' dir='ltr'><strong>primis</strong></span> <span class='ocrx_word' id='word_1_72' title='bbox 410 1735 572 1830; x_wconf 77' lang='lat' dir='ltr'><strong>Tychone</strong></span> <span class='ocrx_word' id='word_1_73' title='bbox 581 1737 733 1808; x_wconf 86' lang='lat' dir='ltr'><strong>Bracbeo</strong></span> <span class='ocrx_word' id='word_1_74' title='bbox 743 1735 810 1832; x_wconf 85' lang='lat'><strong>(3),</strong></span> <span class='ocrx_word' id='word_1_75' title='bbox 826 1737 1045 1812; x_wconf 86' lang='lat' dir='ltr'><strong>adolescente</strong></span> <span class='ocrx_word' id='word_1_76' title='bbox 1058 1739 1166 1810; x_wconf 92' lang='lat' dir='ltr'><strong>nobili</strong></span> <span class='ocrx_word' id='word_1_77' title='bbox 1178 1740 1294 1824; x_wconf 78' lang='lat' dir='ltr'><strong>liano,</strong></span> 
     </span>
     <span class='ocr_line' id='line_1_13' title="bbox 275 1852 1299 1948; baseline 0.004 -26"><span class='ocrx_word' id='word_1_78' title='bbox 275 1871 356 1925; x_wconf 89' lang='lat' dir='ltr'><strong>cum</strong></span> <span class='ocrx_word' id='word_1_79' title='bbox 369 1872 441 1943; x_wconf 93' lang='lat' dir='ltr'><strong>quo</strong></span> <span class='ocrx_word' id='word_1_80' title='bbox 457 1861 536 1948; x_wconf 88' lang='lat' dir='ltr'><strong>post</strong></span> <span class='ocrx_word' id='word_1_81' title='bbox 548 1852 732 1946; x_wconf 89' lang='lat' dir='ltr'><strong>prandium</strong></span> <span class='ocrx_word' id='word_1_82' title='bbox 747 1854 784 1926; x_wconf 94' lang='lat' dir='ltr'><strong>in</strong></span> <span class='ocrx_word' id='word_1_83' title='bbox 797 1855 1035 1930; x_wconf 89' lang='lat' dir='ltr'><strong>suburbanam</strong></span> <span class='ocrx_word' id='word_1_84' title='bbox 1053 1855 1217 1928; x_wconf 83' lang='lat' dir='ltr'><strong>llainzelii</strong></span> <span class='ocrx_word' id='word_1_85' title='bbox 1235 1855 1299 1926; x_wconf 86' lang='lat' dir='ltr'><strong>vil-</strong></span> 
     </span>
     <span class='ocr_line' id='line_1_14' title="bbox 276 1969 1300 2060; baseline 0.008 -22"><span class='ocrx_word' id='word_1_86' title='bbox 276 1970 343 2039; x_wconf 87' lang='lat' dir='ltr'><strong>lam</strong></span> <span class='ocrx_word' id='word_1_87' title='bbox 364 1969 553 2060; x_wconf 87' lang='lat' dir='ltr'><strong>deductus,</strong></span> <span class='ocrx_word' id='word_1_88' title='bbox 576 1971 854 2044; x_wconf 84' lang='lat' dir='ltr'><strong>mathematicam</strong></span> <span class='ocrx_word' id='word_1_89' title='bbox 875 1973 1104 2048; x_wconf 83' lang='lat' dir='ltr'><strong>observandis</strong></span> <span class='ocrx_word' id='word_1_90' title='bbox 1126 1972 1300 2046; x_wconf 84' lang='lat' dir='ltr'><strong>sideribus</strong></span> 
     </span>
     <span class='ocr_line' id='line_1_15' title="bbox 275 2086 1300 2188; baseline 0.005 -30"><span class='ocrx_word' id='word_1_91' title='bbox 275 2086 471 2160; x_wconf 87' lang='lat' dir='ltr'><strong>machinam</strong></span> <span class='ocrx_word' id='word_1_92' title='bbox 489 2089 634 2162; x_wconf 85' lang='lat' dir='ltr'><strong>libenter</strong></span> <span class='ocrx_word' id='word_1_93' title='bbox 653 2091 809 2186; x_wconf 78' lang='lat' dir='ltr'><strong>aspexit3</strong></span> <span class='ocrx_word' id='word_1_94' title='bbox 833 2091 896 2164; x_wconf 90' lang='lat' dir='ltr'><strong>sed</strong></span> <span class='ocrx_word' id='word_1_95' title='bbox 912 2090 1085 2188; x_wconf 78' lang='lat' dir='ltr'><strong>Tychonis</strong></span> <span class='ocrx_word' id='word_1_96' title='bbox 1103 2091 1300 2186; x_wconf 79' lang='lat' dir='ltr'><strong>ingeniosas</strong></span> 
     </span>
     <span class='ocr_line' id='line_1_16' title="bbox 276 2205 1297 2302; baseline 0.004 -26"><span class='ocrx_word' id='word_1_97' title='bbox 276 2205 535 2296; x_wconf 83' lang='lat' dir='ltr'><strong>ohservationes</strong></span> <span class='ocrx_word' id='word_1_98' title='bbox 565 2209 789 2302; x_wconf 90' lang='lat' dir='ltr'><strong>antiquorum</strong></span> <span class='ocrx_word' id='word_1_99' title='bbox 813 2210 1072 2302; x_wconf 76' lang='lat' dir='ltr'><strong>recentiumque</strong></span> <span class='ocrx_word' id='word_1_100' title='bbox 1101 2209 1297 2300; x_wconf 63' lang='lat' dir='ltr'><strong>astrologo⁸⁸</strong></span> 
     </span>
     <span class='ocr_line' id='line_1_17' title="bbox 276 2326 1298 2424; baseline 0.004 -28"><span class='ocrx_word' id='word_1_101' title='bbox 276 2348 354 2399; x_wconf 89' lang='lat' dir='ltr'><strong>rum</strong></span> <span class='ocrx_word' id='word_1_102' title='bbox 381 2326 523 2398; x_wconf 88' lang='lat' dir='ltr'><strong>inventa</strong></span> <span class='ocrx_word' id='word_1_103' title='bbox 553 2328 659 2398; x_wconf 87' lang='lat' dir='ltr'><strong>veluti</strong></span> <span class='ocrx_word' id='word_1_104' title='bbox 686 2329 844 2402; x_wconf 88' lang='lat' dir='ltr'><strong>limantes</strong></span> <span class='ocrx_word' id='word_1_105' title='bbox 879 2339 913 2402; x_wconf 90' lang='lat' dir='ltr'><strong>et</strong></span> <span class='ocrx_word' id='word_1_106' title='bbox 943 2329 1157 2424; x_wconf 86' lang='lat' dir='ltr'><strong>expolientee</strong></span> <span class='ocrx_word' id='word_1_107' title='bbox 1187 2328 1298 2400; x_wconf 87' lang='lat' dir='ltr'><strong>multo</strong></span> 
     </span>
     <span class='ocr_line' id='line_1_18' title="bbox 276 2444 1295 2545; baseline 0.003 -30"><span class='ocrx_word' id='word_1_108' title='bbox 276 2444 439 2516; x_wconf 88' lang='lat' dir='ltr'><strong>libentius</strong></span> <span class='ocrx_word' id='word_1_109' title='bbox 457 2446 714 2525; x_wconf 81' lang='lat' dir='ltr'><strong>animadvertit.</strong></span> <span class='ocrx_word' id='word_1_110' title='bbox 739 2448 987 2545; x_wconf 79' lang='lat' dir='ltr'><strong>Hieronymum</strong></span> <span class='ocrx_word' id='word_1_111' title='bbox 1007 2469 1092 2520; x_wconf 88' lang='lat' dir='ltr'><strong>vero</strong></span> <span class='ocrx_word' id='word_1_112' title='bbox 1113 2447 1295 2534; x_wconf 81' lang='lat' dir='ltr'><strong>Woffinm,</strong></span> 
     </span>
     <span class='ocr_line' id='line_1_19' title="bbox 276 2566 1298 2662; baseline 0.002 -26"><span class='ocrx_word' id='word_1_113' title='bbox 276 2574 426 2638; x_wconf 89' lang='lat' dir='ltr'><strong>veterem</strong></span> <span class='ocrx_word' id='word_1_114' title='bbox 451 2566 622 2651; x_wconf 84' lang='lat' dir='ltr'><strong>amicum,</strong></span> <span class='ocrx_word' id='word_1_115' title='bbox 642 2576 676 2638; x_wconf 89' lang='lat' dir='ltr'><strong>et</strong></span> <span class='ocrx_word' id='word_1_116' title='bbox 696 2568 865 2640; x_wconf 34' lang='lat' dir='ltr'><strong>animaret</strong></span> <span class='ocrx_word' id='word_1_117' title='bbox 883 2589 1029 2662; x_wconf 86' lang='lat' dir='ltr'><strong>corpore</strong></span> <span class='ocrx_word' id='word_1_118' title='bbox 1048 2568 1171 2640; x_wconf 89' lang='lat' dir='ltr'><strong>iterum</strong></span> <span class='ocrx_word' id='word_1_119' title='bbox 1193 2576 1298 2660; x_wconf 88' lang='lat' dir='ltr'><strong>atque</strong></span> 
     </span>
     <span class='ocr_line' id='line_1_20' title="bbox 277 2685 1296 2783; baseline 0.003 -30"><span class='ocrx_word' id='word_1_120' title='bbox 277 2685 401 2756; x_wconf 88' lang='lat' dir='ltr'><strong>iterum</strong></span> <span class='ocrx_word' id='word_1_121' title='bbox 419 2695 472 2758; x_wconf 88' lang='lat' dir='ltr'><strong>est</strong></span> <span class='ocrx_word' id='word_1_122' title='bbox 487 2688 712 2782; x_wconf 80' lang='lat' dir='ltr'><strong>complexus:</strong></span> <span class='ocrx_word' id='word_1_123' title='bbox 734 2689 937 2783; x_wconf 83' lang='lat' dir='ltr'><strong>complexus</strong></span> <span class='ocrx_word' id='word_1_124' title='bbox 954 2688 1057 2764; x_wconf 86' lang='lat' dir='ltr'><strong>etiam</strong></span> <span class='ocrx_word' id='word_1_125' title='bbox 1076 2710 1179 2758; x_wconf 87' lang='lat' dir='ltr'><strong>suum</strong></span> <span class='ocrx_word' id='word_1_126' title='bbox 1192 2687 1296 2758; x_wconf 14' lang='lat' dir='ltr'><strong>iroan</strong></span> 
     </span>
     <span class='ocr_line' id='line_1_21' title="bbox 277 2802 1300 2900; baseline 0.002 -27"><span class='ocrx_word' id='word_1_127' title='bbox 277 2802 464 2894; x_wconf 87' lang='lat' dir='ltr'><strong>Majorem,</strong></span> <span class='ocrx_word' id='word_1_128' title='bbox 490 2803 608 2876; x_wconf 89' lang='lat' dir='ltr'><strong>Wolfii</strong></span> <span class='ocrx_word' id='word_1_129' title='bbox 624 2805 660 2876; x_wconf 93' lang='lat' dir='ltr'><strong>in</strong></span> <span class='ocrx_word' id='word_1_130' title='bbox 685 2807 875 2880; x_wconf 86' lang='lat' dir='ltr'><strong>erudienda</strong></span> <span class='ocrx_word' id='word_1_131' title='bbox 896 2809 1076 2900; x_wconf 82' lang='lat' dir='ltr'><strong>juventute</strong></span> <span class='ocrx_word' id='word_1_132' title='bbox 1094 2804 1300 2898; x_wconf 77' lang='lat' dir='ltr'><strong>Augustana</strong></span> 
     </span>
     <span class='ocr_line' id='line_1_22' title="bbox 277 2919 738 3020; baseline 0.007 -31"><span class='ocrx_word' id='word_1_133' title='bbox 277 2919 738 3020; x_wconf 77' lang='lat' dir='ltr'><strong>sociumdoctissimum(l).</strong></span> 
     </span>
    </p>

    <p class='ocr_par' dir='ltr' id='par_1_6' title="bbox 279 3041 1305 3262">
     <span class='ocr_line' id='line_1_23' title="bbox 326 3041 1304 3139; baseline 0.004 -27"><span class='ocrx_word' id='word_1_134' title='bbox 326 3041 511 3120; x_wconf 82' lang='lat' dir='ltr'><strong>Vindelicis</strong></span> <span class='ocrx_word' id='word_1_135' title='bbox 536 3046 697 3136; x_wconf 78' lang='lat' dir='ltr'><strong>tandem,</strong></span> <span class='ocrx_word' id='word_1_136' title='bbox 724 3046 841 3118; x_wconf 77' lang='lat' dir='ltr'><strong>Rhoas</strong></span> <span class='ocrx_word' id='word_1_137' title='bbox 861 3047 1052 3139; x_wconf 87' lang='lat' dir='ltr'><strong>Suevisque</strong></span> <span class='ocrx_word' id='word_1_138' title='bbox 1080 3045 1235 3118; x_wconf 88' lang='lat' dir='ltr'><strong>celeriter</strong></span> <span class='ocrx_word' id='word_1_139' title='bbox 1252 3046 1304 3116; x_wconf 86' lang='lat' dir='ltr'><strong>ob·</strong></span> 
     </span>
     <span class='ocr_line' id='line_1_24' title="bbox 279 3163 1305 3262; baseline 0.004 -32"><span class='ocrx_word' id='word_1_140' title='bbox 279 3179 453 3236; x_wconf 80' lang='lat' dir='ltr'><strong>rumorem</strong></span> <span class='ocrx_word' id='word_1_141' title='bbox 476 3165 642 3238; x_wconf 75' lang='lat' dir='ltr'><strong>restitutae</strong></span> <span class='ocrx_word' id='word_1_142' title='bbox 669 3165 764 3258; x_wconf 90' lang='lat' dir='ltr'><strong>pacis</strong></span> <span class='ocrx_word' id='word_1_143' title='bbox 793 3163 845 3259; x_wconf 81' lang='lat'><strong>(5)</strong></span> <span class='ocrx_word' id='word_1_144' title='bbox 874 3166 1085 3262; x_wconf 81' lang='lat' dir='ltr'><strong>peragratis,</strong></span> <span class='ocrx_word' id='word_1_145' title='bbox 1111 3186 1218 3257; x_wconf 88' lang='lat' dir='ltr'><strong>quum</strong></span> <span class='ocrx_word' id='word_1_146' title='bbox 1240 3185 1305 3258; x_wconf 87' lang='lat' dir='ltr'><strong>per·</strong></span> 
     </span>
    </p>
   </div>
   <div class='ocr_carea' id='block_1_5' title="bbox 279 3361 1311 4350">
    <p class='ocr_par' dir='ltr' id='par_1_7' title="bbox 309 3361 602 3432">
     <span class='ocr_line' id='line_1_25' title="bbox 309 3361 602 3432; baseline 0.017 -17"><span class='ocrx_word' id='word_1_147' title='bbox 309 3371 347 3425; x_wconf 88' lang='grc'><strong>(1)</strong></span> <span class='ocrx_word' id='word_1_148' title='bbox 364 3361 458 3432; x_wconf 63' lang='lat' dir='ltr'><strong>l&#39;reig.¹</strong></span> <span class='ocrx_word' id='word_1_149' title='bbox 470 3382 496 3432; x_wconf 89' lang='lat' dir='ltr'><strong>p.</strong></span> <span class='ocrx_word' id='word_1_150' title='bbox 507 3373 551 3430; x_wconf 83' lang='lat'><strong>38,</strong></span> <span class='ocrx_word' id='word_1_151' title='bbox 564 3373 602 3420; x_wconf 76' lang='grc'><strong>39.</strong></span> 
     </span>
    </p>

    <p class='ocr_par' dir='ltr' id='par_1_8' title="bbox 310 3449 1056 3519">
     <span class='ocr_line' id='line_1_26' title="bbox 310 3449 1056 3519; baseline 0.005 -19"><span class='ocrx_word' id='word_1_152' title='bbox 310 3449 345 3514; x_wconf 79' lang='grc'><strong>(2)</strong></span> <span class='ocrx_word' id='word_1_153' title='bbox 360 3452 471 3514; x_wconf 73' lang='lat' dir='ltr'><strong>Augusta</strong></span> <span class='ocrx_word' id='word_1_154' title='bbox 483 3453 667 3505; x_wconf 76' lang='lat' dir='ltr'><strong>vindelicorum</strong></span> <span class='ocrx_word' id='word_1_155' title='bbox 678 3454 918 3519; x_wconf 51' lang='lat' dir='ltr'><strong>(Auptbouraifin</strong></span> <span class='ocrx_word' id='word_1_156' title='bbox 927 3453 985 3504; x_wconf 87' lang='lat' dir='ltr'><strong>lieo</strong></span> <span class='ocrx_word' id='word_1_157' title='bbox 994 3455 1056 3504; x_wconf 65' lang='lat' dir='ltr'><strong>sitas</strong></span> 
     </span>
    </p>

    <p class='ocr_par' dir='ltr' id='par_1_9' title="bbox 279 3534 1308 4100">
     <span class='ocr_line' id='line_1_27' title="bbox 311 3534 1304 3614; baseline 0.001 -32"><span class='ocrx_word' id='word_1_158' title='bbox 311 3537 347 3592; x_wconf 82' lang='grc'><strong>(3)</strong></span> <span class='ocrx_word' id='word_1_159' title='bbox 364 3534 546 3586; x_wconf 83' lang='lat' dir='ltr'><strong>celeberrimus</strong></span> <span class='ocrx_word' id='word_1_160' title='bbox 558 3538 599 3588; x_wconf 89' lang='lat' dir='ltr'><strong>ille</strong></span> <span class='ocrx_word' id='word_1_161' title='bbox 611 3538 739 3602; x_wconf 88' lang='lat' dir='ltr'><strong>Cupernici</strong></span> <span class='ocrx_word' id='word_1_162' title='bbox 750 3539 866 3600; x_wconf 76' lang='lat' dir='ltr'><strong>emulus,</strong></span> <span class='ocrx_word' id='word_1_163' title='bbox 883 3537 980 3602; x_wconf 80' lang='lat' dir='ltr'><strong>liepleri</strong></span> <span class='ocrx_word' id='word_1_164' title='bbox 992 3541 1142 3601; x_wconf 79' lang='lat' dir='ltr'><strong>preceptor,</strong></span> <span class='ocrx_word' id='word_1_165' title='bbox 1160 3539 1234 3614; x_wconf 79' lang='lat' dir='ltr'><strong>patus</strong></span> <span class='ocrx_word' id='word_1_166' title='bbox 1249 3539 1304 3585; x_wconf 84' lang='lat' dir='ltr'><strong>erut</strong></span> 
     </span>
     <span class='ocr_line' id='line_1_28' title="bbox 279 3619 1304 3685; baseline 0.001 -19"><span class='ocrx_word' id='word_1_167' title='bbox 279 3629 340 3666; x_wconf 84' lang='lat' dir='ltr'><strong>ann.</strong></span> <span class='ocrx_word' id='word_1_168' title='bbox 356 3619 430 3677; x_wconf 79' lang='lat' dir='ltr'><strong>itit,</strong></span> <span class='ocrx_word' id='word_1_169' title='bbox 439 3619 542 3681; x_wconf 85' lang='lat' dir='ltr'><strong>ideoque</strong></span> <span class='ocrx_word' id='word_1_170' title='bbox 553 3625 614 3670; x_wconf 88' lang='lat' dir='ltr'><strong>tunc</strong></span> <span class='ocrx_word' id='word_1_171' title='bbox 625 3625 743 3685; x_wconf 85' lang='lat' dir='ltr'><strong>temporis</strong></span> <span class='ocrx_word' id='word_1_172' title='bbox 754 3627 824 3679; x_wconf 76' lang='lat' dir='ltr'><strong>(ann.</strong></span> <span class='ocrx_word' id='word_1_173' title='bbox 842 3626 914 3682; x_wconf 79' lang='lat' dir='ltr'><strong>itio)</strong></span> <span class='ocrx_word' id='word_1_174' title='bbox 931 3634 1028 3672; x_wconf 88' lang='lat' dir='ltr'><strong>annum</strong></span> <span class='ocrx_word' id='word_1_175' title='bbox 1039 3620 1080 3672; x_wconf 72' lang='lat' dir='ltr'><strong>xv</strong></span> <span class='ocrx_word' id='word_1_176' title='bbox 1091 3622 1170 3671; x_wconf 80' lang='lat' dir='ltr'><strong>etatis</strong></span> <span class='ocrx_word' id='word_1_177' title='bbox 1181 3631 1231 3668; x_wconf 79' lang='lat' dir='ltr'><strong>auae</strong></span> <span class='ocrx_word' id='word_1_178' title='bbox 1247 3631 1304 3680; x_wconf 76' lang='lat' dir='ltr'><strong>nge·</strong></span> 
     </span>
     <span class='ocr_line' id='line_1_29' title="bbox 280 3699 1308 3769; baseline 0.003 -21"><span class='ocrx_word' id='word_1_179' title='bbox 280 3699 333 3751; x_wconf 87' lang='lat' dir='ltr'><strong>bat.</strong></span> <span class='ocrx_word' id='word_1_180' title='bbox 345 3699 391 3749; x_wconf 87' lang='lat' dir='ltr'><strong>sed</strong></span> <span class='ocrx_word' id='word_1_181' title='bbox 402 3705 467 3750; x_wconf 85' lang='lat' dir='ltr'><strong>astra</strong></span> <span class='ocrx_word' id='word_1_182' title='bbox 478 3703 516 3752; x_wconf 81' lang='lat' dir='ltr'><strong>vei</strong></span> <span class='ocrx_word' id='word_1_183' title='bbox 528 3706 602 3753; x_wconf 79' lang='lat' dir='ltr'><strong>antea</strong></span> <span class='ocrx_word' id='word_1_184' title='bbox 615 3703 768 3763; x_wconf 81' lang='lat' dir='ltr'><strong>observarat,</strong></span> <span class='ocrx_word' id='word_1_185' title='bbox 786 3718 894 3768; x_wconf 87' lang='lat' dir='ltr'><strong>eumque</strong></span> <span class='ocrx_word' id='word_1_186' title='bbox 906 3705 1013 3769; x_wconf 81' lang='lat' dir='ltr'><strong>Lipsiain</strong></span> <span class='ocrx_word' id='word_1_187' title='bbox 1025 3704 1056 3754; x_wconf 81' lang='lat' dir='ltr'><strong>ad</strong></span> <span class='ocrx_word' id='word_1_188' title='bbox 1073 3705 1123 3754; x_wconf 86' lang='lat' dir='ltr'><strong>alia</strong></span> <span class='ocrx_word' id='word_1_189' title='bbox 1138 3703 1221 3753; x_wconf 80' lang='lat' dir='ltr'><strong>eludia</strong></span> <span class='ocrx_word' id='word_1_190' title='bbox 1233 3713 1308 3752; x_wconf 68' lang='lat' dir='ltr'><strong>exuor</strong></span> 
     </span>
     <span class='ocr_line' id='line_1_30' title="bbox 280 3782 1303 3852; baseline 0.004 -20"><span class='ocrx_word' id='word_1_191' title='bbox 280 3782 354 3833; x_wconf 89' lang='lat' dir='ltr'><strong>lenda</strong></span> <span class='ocrx_word' id='word_1_192' title='bbox 366 3795 381 3833; x_wconf 88' lang='lat' dir='ltr'><strong>a</strong></span> <span class='ocrx_word' id='word_1_193' title='bbox 393 3785 537 3847; x_wconf 84' lang='lat' dir='ltr'><strong>parentibus</strong></span> <span class='ocrx_word' id='word_1_194' title='bbox 548 3787 639 3837; x_wconf 85' lang='lat' dir='ltr'><strong>missus</strong></span> <span class='ocrx_word' id='word_1_195' title='bbox 649 3787 894 3850; x_wconf 74' lang='lat' dir='ltr'><strong>inisset,ituguaiam</strong></span> <span class='ocrx_word' id='word_1_196' title='bbox 905 3789 1031 3852; x_wconf 63' lang='lat' dir='ltr'><strong>primumi</strong></span> <span class='ocrx_word' id='word_1_197' title='bbox 1046 3788 1136 3838; x_wconf 86' lang='lat' dir='ltr'><strong>deinde</strong></span> <span class='ocrx_word' id='word_1_198' title='bbox 1146 3785 1303 3847; x_wconf 77' lang='lat' dir='ltr'><strong>lloribergam</strong></span> 
     </span>
     <span class='ocr_line' id='line_1_31' title="bbox 280 3869 1305 3935; baseline 0.005 -18"><span class='ocrx_word' id='word_1_199' title='bbox 280 3872 399 3928; x_wconf 75' lang='lat' dir='ltr'><strong>venerat,</strong></span> <span class='ocrx_word' id='word_1_200' title='bbox 411 3872 440 3919; x_wconf 88' lang='lat' dir='ltr'><strong>ut</strong></span> <span class='ocrx_word' id='word_1_201' title='bbox 450 3869 481 3919; x_wconf 89' lang='lat' dir='ltr'><strong>ab</strong></span> <span class='ocrx_word' id='word_1_202' title='bbox 491 3869 668 3920; x_wconf 84' lang='lat' dir='ltr'><strong>excellentibus</strong></span> <span class='ocrx_word' id='word_1_203' title='bbox 678 3870 807 3934; x_wconf 86' lang='lat' dir='ltr'><strong>opiilcihus</strong></span> <span class='ocrx_word' id='word_1_204' title='bbox 818 3871 994 3922; x_wconf 82' lang='lat' dir='ltr'><strong>mathematica</strong></span> <span class='ocrx_word' id='word_1_205' title='bbox 1003 3876 1028 3922; x_wconf 82' lang='lat' dir='ltr'><strong>et</strong></span> <span class='ocrx_word' id='word_1_206' title='bbox 1044 3873 1125 3935; x_wconf 86' lang='lat' dir='ltr'><strong>optica</strong></span> <span class='ocrx_word' id='word_1_207' title='bbox 1138 3873 1305 3923; x_wconf 85' lang='lat' dir='ltr'><strong>instrumenta</strong></span> 
     </span>
     <span class='ocr_line' id='line_1_32' title="bbox 281 3951 1305 4017; baseline 0.002 -15"><span class='ocrx_word' id='word_1_208' title='bbox 281 3951 429 4016; x_wconf 80' lang='lat' dir='ltr'><strong>perficienda</strong></span> <span class='ocrx_word' id='word_1_209' title='bbox 449 3959 554 4005; x_wconf 73' lang='lat' dir='ltr'><strong>curaret.</strong></span> <span class='ocrx_word' id='word_1_210' title='bbox 573 3953 654 4016; x_wconf 78' lang='lat' dir='ltr'><strong>Huius</strong></span> <span class='ocrx_word' id='word_1_211' title='bbox 669 3955 803 4004; x_wconf 87' lang='lat' dir='ltr'><strong>astronomi</strong></span> <span class='ocrx_word' id='word_1_212' title='bbox 823 3957 902 4004; x_wconf 86' lang='lat' dir='ltr'><strong>vitam</strong></span> <span class='ocrx_word' id='word_1_213' title='bbox 919 3955 1049 4017; x_wconf 76' lang='lat' dir='ltr'><strong>diligenter</strong></span> <span class='ocrx_word' id='word_1_214' title='bbox 1068 3959 1092 4004; x_wconf 86' lang='lat' dir='ltr'><strong>ut</strong></span> <span class='ocrx_word' id='word_1_215' title='bbox 1111 3959 1225 4004; x_wconf 87' lang='lat' dir='ltr'><strong>accurate</strong></span> <span class='ocrx_word' id='word_1_216' title='bbox 1245 3968 1305 4006; x_wconf 90' lang='lat' dir='ltr'><strong>con-</strong></span> 
     </span>
     <span class='ocr_line' id='line_1_33' title="bbox 281 4037 578 4100; baseline 0.01 -15"><span class='ocrx_word' id='word_1_217' title='bbox 281 4039 378 4100; x_wconf 87' lang='lat' dir='ltr'><strong>scripsit</strong></span> <span class='ocrx_word' id='word_1_218' title='bbox 388 4037 416 4087; x_wconf 82' lang='lat' dir='ltr'><strong>P.</strong></span> <span class='ocrx_word' id='word_1_219' title='bbox 429 4037 578 4088; x_wconf 83' lang='lat' dir='ltr'><strong>Gessenduu.</strong></span> 
     </span>
    </p>

    <p class='ocr_par' dir='ltr' id='par_1_10' title="bbox 316 4121 821 4187">
     <span class='ocr_line' id='line_1_34' title="bbox 316 4121 821 4187; baseline -0.008 -11"><span class='ocrx_word' id='word_1_220' title='bbox 316 4125 351 4179; x_wconf 85' lang='lat' dir='ltr'><strong>(t)</strong></span> <span class='ocrx_word' id='word_1_221' title='bbox 369 4121 462 4184; x_wconf 67' lang='lat' dir='ltr'><strong>Freig„</strong></span> <span class='ocrx_word' id='word_1_222' title='bbox 475 4136 500 4187; x_wconf 87' lang='lat' dir='ltr'><strong>p.</strong></span> <span class='ocrx_word' id='word_1_223' title='bbox 511 4127 555 4182; x_wconf 74' lang='lat'><strong>393</strong></span> <span class='ocrx_word' id='word_1_224' title='bbox 569 4123 671 4177; x_wconf 80' lang='lat' dir='ltr'><strong>banus..</strong></span> <span class='ocrx_word' id='word_1_225' title='bbox 687 4136 712 4186; x_wconf 88' lang='lat' dir='ltr'><strong>p.</strong></span> <span class='ocrx_word' id='word_1_226' title='bbox 727 4123 767 4183; x_wconf 76' lang='lat' dir='ltr'><strong>tt,</strong></span> <span class='ocrx_word' id='word_1_227' title='bbox 778 4125 821 4172; x_wconf 80' lang='lat'><strong>³0.-</strong></span> 
     </span>
    </p>

    <p class='ocr_par' dir='ltr' id='par_1_11' title="bbox 285 4205 1311 4350">
     <span class='ocr_line' id='line_1_35' title="bbox 315 4205 1311 4268; baseline -0.002 -12"><span class='ocrx_word' id='word_1_228' title='bbox 315 4205 349 4260; x_wconf 79' lang='lat' dir='ltr'><strong>tii)</strong></span> <span class='ocrx_word' id='word_1_229' title='bbox 367 4206 432 4254; x_wconf 75' lang='lat' dir='ltr'><strong>dnn.</strong></span> <span class='ocrx_word' id='word_1_230' title='bbox 446 4209 513 4266; x_wconf 70' lang='lat'>1570,</span> <span class='ocrx_word' id='word_1_231' title='bbox 522 4205 583 4257; x_wconf 76' lang='lat' dir='ltr'><strong>diet</strong></span> <span class='ocrx_word' id='word_1_232' title='bbox 593 4209 685 4257; x_wconf 85' lang='lat' dir='ltr'><strong>mensis</strong></span> <span class='ocrx_word' id='word_1_233' title='bbox 695 4219 757 4268; x_wconf 83' lang='lat' dir='ltr'><strong>aug.</strong></span> <span class='ocrx_word' id='word_1_234' title='bbox 769 4205 848 4256; x_wconf 78' lang='lat' dir='ltr'><strong>ludus</strong></span> <span class='ocrx_word' id='word_1_235' title='bbox 865 4205 1104 4256; x_wconf 82' lang='lat' dir='ltr'><strong>San-Germanicum</strong></span> <span class='ocrx_word' id='word_1_236' title='bbox 1113 4205 1154 4263; x_wconf 81' lang='lat' dir='ltr'><strong>(de</strong></span> <span class='ocrx_word' id='word_1_237' title='bbox 1165 4205 1311 4256; x_wconf 79' lang='lat' dir='ltr'><strong>sirint-Ger·-</strong></span> 
     </span>
     <span class='ocr_line' id='line_1_36' title="bbox 285 4288 1119 4350; baseline 0.002 -16"><span class='ocrx_word' id='word_1_238' title='bbox 285 4290 477 4350; x_wconf 70' lang='lat' dir='ltr'><strong>rnainenduye)</strong></span> <span class='ocrx_word' id='word_1_239' title='bbox 488 4292 565 4340; x_wconf 87' lang='lat' dir='ltr'><strong>icium</strong></span> <span class='ocrx_word' id='word_1_240' title='bbox 576 4295 621 4340; x_wconf 82' lang='lat' dir='ltr'><strong>est.</strong></span> <span class='ocrx_word' id='word_1_241' title='bbox 637 4291 691 4340; x_wconf 78' lang='lat' dir='ltr'><strong>vid.</strong></span> <span class='ocrx_word' id='word_1_242' title='bbox 701 4291 731 4340; x_wconf 87' lang='lat' dir='ltr'><strong>du</strong></span> <span class='ocrx_word' id='word_1_243' title='bbox 743 4291 831 4350; x_wconf 86' lang='lat' dir='ltr'><strong>Thou,</strong></span> <span class='ocrx_word' id='word_1_244' title='bbox 844 4290 886 4339; x_wconf 90' lang='lat' dir='ltr'><strong>lib.</strong></span> <span class='ocrx_word' id='word_1_245' title='bbox 903 4290 998 4343; x_wconf 70' lang='lat' dir='ltr'><strong>xcvii.</strong></span> <span class='ocrx_word' id='word_1_246' title='bbox 1016 4289 1063 4340; x_wconf 83' lang='lat' dir='ltr'><strong>sub</strong></span> <span class='ocrx_word' id='word_1_247' title='bbox 1074 4288 1119 4338; x_wconf 89' lang='lat' dir='ltr'><strong>iln.</strong></span> 
     </span>
    </p>
   </div>
   <div class='ocr_carea' id='block_1_6' title="bbox 0 0 1474 5062">
    <p class='ocr_par' dir='ltr' id='par_1_12' title="bbox 0 0 1474 5062">
     <span class='ocr_line' id='line_1_37' title="bbox 0 0 1474 5062; baseline 0 0"><span class='ocrx_word' id='word_1_248' title='bbox 0 0 1474 5062; x_wconf 95' lang='lat' dir='ltr'><strong> </strong></span> 
     </span>
    </p>
   </div>
  </div>
 </body>
</html>
