2916 5062
532 449 581 470 ι..
606 400 725 488 ssa...

108 577 1136 675 iuretalibuslogioismesapientioremfactumdeprebendi.

110 701 177 774 llci
190 699 317 774 misero
333 696 435 786 mibi,
455 705 493 769 ut
508 697 695 789 obstupui,
714 707 753 768 ut
766 701 834 770 alte
851 702 1017 792 ingemui,
1033 711 1071 771 ut
1085 724 1141 772 me

113 827 344 908 naturamque
355 836 468 886 meam
478 815 673 908 deploravi,
688 825 726 890 ut
736 817 862 890 infelici
871 819 1026 911 quodum
1040 821 1140 891 mise·

115 957 227 1027 roque
245 935 333 1021 fato,
350 941 388 1002 ut
404 932 544 1023 ingenio
560 955 581 1002 a
595 933 701 1006 Musis
715 955 858 1027 prorsus
873 935 1071 1008 abhorrenti
1085 959 1141 1008 me

115 1064 239 1126 natum
250 1073 326 1124 esse
334 1051 503 1143 judicavi,
520 1071 591 1143 quo
607 1054 738 1126 nullum
751 1054 900 1126 fructum
917 1057 992 1147 ojus
1003 1056 1141 1149 sapien·

116 1174 175 1250 tiae
192 1193 277 1262 quae
295 1179 389 1242 tanta
407 1171 443 1242 in
460 1170 527 1244 illis
544 1171 666 1262 logicis
684 1173 946 1266 praedicaretur,
967 1175 1143 1268 percipere

117 1301 179 1366 aut
196 1311 337 1362 cernere
354 1289 458 1364 tantis
473 1289 652 1366 laboribus
668 1293 918 1384 potuissem...
936 1293 1044 1364 lucidi
1061 1302 1143 1366 tum·

118 1411 200 1484 dem
217 1411 252 1480 iu
270 1409 389 1482 Galerii
406 1409 531 1484 librum
551 1411 596 1482 de
612 1410 759 1483 decretis
777 1411 994 1503 Hippocratis
1011 1421 1045 1482 et
1066 1413 1144 1482 Pla-

118 1529 273 1604 tonis...
293 1529 362 1602 Sed
378 1537 492 1601 tamen
511 1529 577 1600 bac
595 1527 815 1622 Hippocratis
829 1537 861 1599 et
879 1530 1029 1600 Platonis
1045 1550 1143 1600 com-

25 1642 35 1656 '
119 1648 300 1742 paratione
315 1668 387 1720 nou
407 1653 477 1718 mm
501 1665 578 1722 sum
600 1647 764 1734 satiatus,
784 1669 889 1738 quam
910 1648 1081 1720 excitatus
1099 1641 1145 1718 ad

121 1787 242 1839 omnes
254 1765 403 1837 Platonis
415 1766 586 1856 dialogos,
600 1765 660 1856 qui
671 1765 716 1836 de
727 1764 907 1836 dialectica
919 1766 1051 1857 aliquid
1062 1788 1147 1859 prae·

126 1885 292 1977 ciperent,
310 1885 568 1976 perlegendum.
585 1884 660 1970 Hic,
679 1893 716 1956 ut
730 1905 851 1954 verum
867 1885 988 1972 fatear,
1006 1885 1146 1977 optatis-

126 2003 280 2075 simuset
291 2002 508 2093 gratissimus
524 2002 645 2076 salutis
662 2010 784 2095 portus
796 2003 922 2072 fuit...
942 2003 981 2074 ld
995 2004 1098 2076 etiam
1110 2003 1147 2074 in

126 2122 269 2192 Platone
293 2121 395 2194 valde
420 2121 566 2218 probavi
591 2130 625 2192 et
649 2120 782 2210 amavi,
806 2121 903 2213 quod
928 2123 1087 2194 Socrates
1112 2122 1148 2191 in

129 2241 224 2312 falsis
249 2239 471 2334 opinionibus
495 2240 688 2312 refellendis
713 2241 749 2312 id
773 2259 881 2312 unum
908 2241 1060 2313 maxime
1083 2241 1149 2312 sibi

127 2368 350 2452 proponeret,
367 2368 405 2430 ut
418 2381 479 2432 eos
494 2380 584 2450 quos
600 2367 721 2430 contra
735 2360 938 2453 disputaret,
955 2383 975 2432 a
992 2360 1151 2453 sensibus

127 2477 350 2571 opinionum,
369 2487 403 2548 et
418 2477 623 2552 testimoniis
640 2477 819 2549 hominnm
839 2489 1014 2564 avocaret,
1032 2478 1152 2548 tradu-

129 2604 293 2684 ceretquc
318 2595 362 2670 ad
382 2595 582 2686 equitatem
607 2597 712 2668 animi
735 2605 768 2666 et
790 2596 982 2665 libertatem
1004 2594 1149 2683 judicii,

131 2712 215 2804 quia
228 2711 442 2805 pbilosophis
452 2707 593 2786 stultum
607 2734 683 2784 esse
697 2719 867 2799 censeret,
882 2710 1063 2782 hominum
1077 2733 1153 2782 sen-

131 2830 264 2918 tentiis,
285 2852 365 2921 quae
382 2832 586 2923 plerumque
604 2831 742 2902 fallaces
765 2840 879 2902 essent
893 2839 928 2900 et
947 2831 1151 2916 mendaces,

131 2948 248 3042 potius
272 2958 400 3021 temere
429 2949 641 3021 commoveri
669 2966 774 3040 quam
798 2944 847 3020 rei
873 2946 1021 3039 coguitae
1047 2957 1082 3018 et
1108 2966 1154 3018 ex

133 3065 296 3146 omnibus
319 3068 434 3141 causis
455 3075 627 3162 perceptae
652 3077 848 3138 constanter
870 3068 1040 3138 assentiri.
1064 3063 1156 3150 Quid

133 3186 258 3278 plura?
276 3185 368 3278 coepi
391 3195 529 3276 egomet
550 3205 686 3260 mecum
707 3192 810 3276 (cum
831 3186 899 3257 alio
921 3185 957 3256 id
973 3185 1057 3254 mihi
1075 3184 1156 3254 roli-

135 3304 272 3394 giosum
292 3302 434 3398 fuisset)
457 3301 506 3378 sio
523 3305 677 3395 cogitare
698 3326 706 3373 ε
730 3305 840 3376 Hem?
856 3303 942 3394 quid
959 3311 1052 3372 vetat
1067 3321 1158 3390 pauc

136 3422 240 3514 lisper
264 3429 450 3524 σωκρατιζιιν
474 3431 508 3492 et
532 3423 659 3494 omissa
683 3419 900 3494 Aristotelian
926 3417 1159 3505 auctoritate,

137 3561 314 3629 quaerere,
334 3562 461 3616 verane
480 3542 524 3616 sit
544 3548 580 3614 et
600 3539 738 3634 propria
758 3538 950 3610 dialectice
974 3537 1051 3609 haec
1072 3538 1160 3608 doc·-

137 3657 253 3726 trina?
270 3659 414 3732 fortasse
430 3661 522 3732 euim
543 3659 769 3751 philosophus
791 3659 854 3728 iste
872 3679 1016 3728 suanos
1036 3665 1155 3727 aucto·

139 3775 239 3846 ritate
265 3777 460 3870 decepit...
485 3777 571 3869 quid
597 3777 626 3850 si
660 3777 891 3850 commentitia
915 3776 959 3848 sit
987 3775 1045 3844 illa
1073 3776 1160 3846 doc-

139 3893 254 3964 trina?
271 3892 324 3989 (i)
341 3921 360 3964 a

172 4185 207 4251 (ι)
224 4188 304 4238 Sobel.
316 4189 391 4250 ltial.,
402 4190 443 4242 lib.
458 4191 497 4251 lv,
507 4206 529 4240 c.
543 4190 724 4254 ¹6,dn0pi10801
735 4189 773 4240 ct
785 4189 863 4251 Fretg.
874 4219 881 4245 ,
893 4199 917 4246 p.
929 4190 952 4233 tt
966 4197 1018 4246 sqq·
1029 4187 1052 4234 el
1063 4183 1165 4249 Batnon,

8 4341 9 4344 Ἴ
142 4281 165 4328 p·
180 4271 246 4326 5‚o.
