<?xml version="1.0" encoding="UTF-8"?>
<!DOCTYPE html PUBLIC "-//W3C//DTD XHTML 1.0 Transitional//EN"
    "http://www.w3.org/TR/xhtml1/DTD/xhtml1-transitional.dtd">
<html xmlns="http://www.w3.org/1999/xhtml" xml:lang="en" lang="en">
 <head>
  <title>
</title>
<meta http-equiv="Content-Type" content="text/html;charset=utf-8" />
  <meta name='ocr-system' content='tesseract 3.04.00' />
  <meta name='ocr-capabilities' content='ocr_page ocr_carea ocr_par ocr_line ocrx_word'/>
</head>
<body>
  <div class='ocr_page' id='page_1' title='image "./depetriramivita00waddgoog_0197.png"; bbox 0 0 2912 5066; ppageno 0'>
   <div class='ocr_carea' id='block_1_1' title="bbox 722 403 940 472">
    <p class='ocr_par' dir='ltr' id='par_1_1' title="bbox 722 403 940 472">
     <span class='ocr_line' id='line_1_1' title="bbox 722 403 940 472; baseline 0 -1"><span class='ocrx_word' id='word_1_1' title='bbox 722 403 940 472; x_wconf 84' lang='lat'>-180-</span> 
     </span>
    </p>
   </div>
   <div class='ocr_carea' id='block_1_2' title="bbox 352 560 1341 734">
    <p class='ocr_par' dir='ltr' id='par_1_2' title="bbox 352 560 1341 734">
     <span class='ocr_line' id='line_1_2' title="bbox 355 560 1341 636; baseline -0.009 -9"><span class='ocrx_word' id='word_1_2' title='bbox 355 565 475 626; x_wconf 79' lang='lat' dir='ltr'><strong>-uiias</strong></span> <span class='ocrx_word' id='word_1_3' title='bbox 483 564 651 625; x_wconf 84' lang='lat' dir='ltr'><strong>otalecticae</strong></span> <span class='ocrx_word' id='word_1_4' title='bbox 660 565 739 624; x_wconf 88' lang='lat' dir='ltr'><strong>illins</strong></span> <span class='ocrx_word' id='word_1_5' title='bbox 748 563 897 623; x_wconf 90' lang='lat' dir='ltr'><strong>editiones</strong></span> <span class='ocrx_word' id='word_1_6' title='bbox 906 560 987 636; x_wconf 79' lang='lat' dir='ltr'><strong>typis</strong></span> <span class='ocrx_word' id='word_1_7' title='bbox 996 573 1207 635; x_wconf 78' lang='lat' dir='ltr'><strong>sepenumero</strong></span> <span class='ocrx_word' id='word_1_8' title='bbox 1215 574 1341 620; x_wconf 81' lang='lat' dir='ltr'><strong>excusas</strong></span> 
     </span>
     <span class='ocr_line' id='line_1_3' title="bbox 352 661 1340 734; baseline -0.003 -10"><span class='ocrx_word' id='word_1_9' title='bbox 352 665 442 724; x_wconf 85' lang='lat' dir='ltr'><strong>inisse</strong></span> <span class='ocrx_word' id='word_1_10' title='bbox 463 665 494 724; x_wconf 89' lang='lat' dir='ltr'><strong>in</strong></span> <span class='ocrx_word' id='word_1_11' title='bbox 511 666 600 724; x_wconf 81' lang='lat' dir='ltr'><strong>variis</strong></span> <span class='ocrx_word' id='word_1_12' title='bbox 615 665 783 725; x_wconf 76' lang='lat' dir='ltr'><strong>Germania</strong></span> <span class='ocrx_word' id='word_1_13' title='bbox 796 663 891 734; x_wconf 90' lang='lat' dir='ltr'><strong>iocis,</strong></span> <span class='ocrx_word' id='word_1_14' title='bbox 906 665 1034 720; x_wconf 90' lang='lat' dir='ltr'><strong>testatur</strong></span> <span class='ocrx_word' id='word_1_15' title='bbox 1052 661 1240 721; x_wconf 77' lang='lat' dir='ltr'>Bibliotheca</span> <span class='ocrx_word' id='word_1_16' title='bbox 1261 663 1340 721; x_wconf 86' lang='lat' dir='ltr'><strong>cias-</strong></span> 
     </span>
    </p>
   </div>
   <div class='ocr_carea' id='block_1_3' title="bbox 355 764 1040 838">
    <p class='ocr_par' dir='ltr' id='par_1_3' title="bbox 355 764 1040 838">
     <span class='ocr_line' id='line_1_4' title="bbox 355 764 1040 838; baseline -0.009 -14"><span class='ocrx_word' id='word_1_17' title='bbox 355 767 431 832; x_wconf 82' lang='lat' dir='ltr'><strong>sica.</strong></span> <span class='ocrx_word' id='word_1_18' title='bbox 448 771 508 825; x_wconf 88' lang='lat' dir='ltr'><strong>etc.</strong></span> <span class='ocrx_word' id='word_1_19' title='bbox 523 765 692 838; x_wconf 79' lang='lat' dir='ltr'><strong>(Francot,</strong></span> <span class='ocrx_word' id='word_1_20' title='bbox 709 765 819 835; x_wconf 79' lang='lat'><strong>1625),</strong></span> <span class='ocrx_word' id='word_1_21' title='bbox 833 779 863 838; x_wconf 88' lang='lat' dir='ltr'><strong>p.</strong></span> <span class='ocrx_word' id='word_1_22' title='bbox 882 764 957 823; x_wconf 81' lang='grc'><strong>1311</strong></span> <span class='ocrx_word' id='word_1_23' title='bbox 974 777 1040 836; x_wconf 86' lang='lat' dir='ltr'><strong>sqq.</strong></span> 
     </span>
    </p>
   </div>
   <div class='ocr_carea' id='block_1_4' title="bbox 353 876 1341 1357">
    <p class='ocr_par' dir='ltr' id='par_1_4' title="bbox 353 876 1341 1357">
     <span class='ocr_line' id='line_1_5' title="bbox 356 876 1340 953; baseline -0.003 -17"><span class='ocrx_word' id='word_1_24' title='bbox 356 911 388 920; x_wconf 93' lang='lat'>-</span> <span class='ocrx_word' id='word_1_25' title='bbox 406 879 545 950; x_wconf 78' lang='lat' dir='ltr'><strong>Nancel,</strong></span> <span class='ocrx_word' id='word_1_26' title='bbox 559 894 580 953; x_wconf 89' lang='lat' dir='ltr'>p</span> <span class='ocrx_word' id='word_1_27' title='bbox 609 880 664 938; x_wconf 79' lang='lat' dir='ltr'><strong>iit:</strong></span> <span class='ocrx_word' id='word_1_28' title='bbox 678 899 691 931; x_wconf 85' lang='lat'><strong>«</strong></span> <span class='ocrx_word' id='word_1_29' title='bbox 705 878 866 938; x_wconf 85' lang='lat' dir='ltr'><strong>Dialectica</strong></span> <span class='ocrx_word' id='word_1_30' title='bbox 879 877 932 936; x_wconf 90' lang='lat' dir='ltr'><strong>iila</strong></span> <span class='ocrx_word' id='word_1_31' title='bbox 943 876 1074 935; x_wconf 86' lang='lat' dir='ltr'><strong>celebris</strong></span> <span class='ocrx_word' id='word_1_32' title='bbox 1087 877 1249 950; x_wconf 82' lang='lat' dir='ltr'><strong>quotannis</strong></span> <span class='ocrx_word' id='word_1_33' title='bbox 1259 891 1340 934; x_wconf 86' lang='lat' dir='ltr'><strong>nova</strong></span> 
     </span>
     <span class='ocr_line' id='line_1_6' title="bbox 353 976 1341 1053; baseline -0.003 -15"><span class='ocrx_word' id='word_1_34' title='bbox 353 979 439 1039; x_wconf 88' lang='lat' dir='ltr'><strong>novis</strong></span> <span class='ocrx_word' id='word_1_35' title='bbox 465 979 544 1053; x_wconf 80' lang='lat' dir='ltr'><strong>typis</strong></span> <span class='ocrx_word' id='word_1_36' title='bbox 574 977 714 1048; x_wconf 89' lang='lat' dir='ltr'><strong>cuditur,</strong></span> <span class='ocrx_word' id='word_1_37' title='bbox 741 979 895 1038; x_wconf 89' lang='lat' dir='ltr'><strong>veteribus</strong></span> <span class='ocrx_word' id='word_1_38' title='bbox 922 981 954 1035; x_wconf 93' lang='lat' dir='ltr'><strong>et</strong></span> <span class='ocrx_word' id='word_1_39' title='bbox 981 977 1087 1036; x_wconf 85' lang='lat' dir='ltr'><strong>annuis</strong></span> <span class='ocrx_word' id='word_1_40' title='bbox 1114 976 1341 1050; x_wconf 83' lang='lat' dir='ltr'><strong>exemplaribus</strong></span> 
     </span>
     <span class='ocr_line' id='line_1_7' title="bbox 353 1077 1341 1153; baseline -0.004 -13"><span class='ocrx_word' id='word_1_41' title='bbox 353 1081 469 1140; x_wconf 90' lang='lat' dir='ltr'><strong>cunctis</strong></span> <span class='ocrx_word' id='word_1_42' title='bbox 490 1079 680 1138; x_wconf 78' lang='lat' dir='ltr'><strong>distractis.»</strong></span> <span class='ocrx_word' id='word_1_43' title='bbox 699 1079 805 1150; x_wconf 91' lang='lat' dir='ltr'><strong>-ld.,</strong></span> <span class='ocrx_word' id='word_1_44' title='bbox 826 1095 855 1153; x_wconf 93' lang='lat' dir='ltr'><strong>p.</strong></span> <span class='ocrx_word' id='word_1_45' title='bbox 879 1079 939 1136; x_wconf 82' lang='lat'><strong>35:</strong></span> <span class='ocrx_word' id='word_1_46' title='bbox 959 1099 971 1131; x_wconf 77' lang='grc' dir='ltr'>ι</span> <span class='ocrx_word' id='word_1_47' title='bbox 993 1080 1091 1151; x_wconf 90' lang='lat' dir='ltr'><strong>Quam</strong></span> <span class='ocrx_word' id='word_1_48' title='bbox 1104 1077 1176 1137; x_wconf 93' lang='lat' dir='ltr'><strong>ideo</strong></span> <span class='ocrx_word' id='word_1_49' title='bbox 1189 1077 1252 1151; x_wconf 85' lang='lat' dir='ltr'><strong>jam</strong></span> <span class='ocrx_word' id='word_1_50' title='bbox 1270 1083 1341 1136; x_wconf 90' lang='lat' dir='ltr'><strong>ante</strong></span> 
     </span>
     <span class='ocr_line' id='line_1_8' title="bbox 354 1177 1341 1255; baseline -0.004 -15"><span class='ocrx_word' id='word_1_51' title='bbox 354 1179 433 1247; x_wconf 82' lang='lat' dir='ltr'><strong>dixi,</strong></span> <span class='ocrx_word' id='word_1_52' title='bbox 448 1177 537 1238; x_wconf 81' lang='lat' dir='ltr'><strong>vicies</strong></span> <span class='ocrx_word' id='word_1_53' title='bbox 549 1180 589 1246; x_wconf 75' lang='lat' dir='ltr'><strong>tin</strong></span> <span class='ocrx_word' id='word_1_54' title='bbox 602 1180 669 1238; x_wconf 90' lang='lat' dir='ltr'><strong>sola</strong></span> <span class='ocrx_word' id='word_1_55' title='bbox 683 1180 792 1245; x_wconf 78' lang='lat' dir='ltr'><strong>Gallia,</strong></span> <span class='ocrx_word' id='word_1_56' title='bbox 805 1184 874 1237; x_wconf 90' lang='lat' dir='ltr'><strong>ante</strong></span> <span class='ocrx_word' id='word_1_57' title='bbox 888 1193 958 1237; x_wconf 92' lang='lat' dir='ltr'><strong>ann.</strong></span> <span class='ocrx_word' id='word_1_58' title='bbox 972 1179 1073 1255; x_wconf 77' lang='lat'><strong>1599),</strong></span> <span class='ocrx_word' id='word_1_59' title='bbox 1090 1180 1121 1238; x_wconf 92' lang='lat' dir='ltr'><strong>ni</strong></span> <span class='ocrx_word' id='word_1_60' title='bbox 1134 1179 1240 1249; x_wconf 88' lang='lat' dir='ltr'><strong>iallor,</strong></span> <span class='ocrx_word' id='word_1_61' title='bbox 1255 1179 1341 1237; x_wconf 88' lang='lat' dir='ltr'><strong>novis</strong></span> 
     </span>
     <span class='ocr_line' id='line_1_9' title="bbox 353 1279 932 1357; baseline -0.022 -12"><span class='ocrx_word' id='word_1_62' title='bbox 353 1282 434 1357; x_wconf 80' lang='lat' dir='ltr'><strong>typis</strong></span> <span class='ocrx_word' id='word_1_63' title='bbox 447 1295 589 1341; x_wconf 83' lang='lat' dir='ltr'><strong>excusam</strong></span> <span class='ocrx_word' id='word_1_64' title='bbox 604 1285 695 1356; x_wconf 89' lang='lat' dir='ltr'><strong>atque</strong></span> <span class='ocrx_word' id='word_1_65' title='bbox 709 1279 902 1340; x_wconf 87' lang='lat' dir='ltr'><strong>divenditam</strong></span> <span class='ocrx_word' id='word_1_66' title='bbox 920 1301 932 1332; x_wconf 60' lang='grc' dir='ltr'>υ</span> 
     </span>
    </p>
   </div>
   <div class='ocr_carea' id='block_1_5' title="bbox 238 1401 1450 3488">
    <p class='ocr_par' dir='ltr' id='par_1_5' title="bbox 318 1401 1338 1678">
     <span class='ocr_line' id='line_1_10' title="bbox 318 1401 1338 1472; baseline -0.004 -8"><span class='ocrx_word' id='word_1_67' title='bbox 318 1406 369 1464; x_wconf 76' lang='grc'><strong>23.</strong></span> <span class='ocrx_word' id='word_1_68' title='bbox 388 1403 402 1433; x_wconf 85' lang='lat'>*</span> <span class='ocrx_word' id='word_1_69' title='bbox 424 1403 588 1464; x_wconf 79' lang='lat' dir='ltr'><strong>bodomari</strong></span> <span class='ocrx_word' id='word_1_70' title='bbox 610 1403 702 1462; x_wconf 81' lang='lat' dir='ltr'><strong>&#39;iaiaei</strong></span> <span class='ocrx_word' id='word_1_71' title='bbox 720 1402 892 1461; x_wconf 80' lang='lat' dir='ltr'><strong>Admonitio</strong></span> <span class='ocrx_word' id='word_1_72' title='bbox 912 1401 950 1460; x_wconf 94' lang='lat' dir='ltr'><strong>ad</strong></span> <span class='ocrx_word' id='word_1_73' title='bbox 966 1401 1128 1461; x_wconf 81' lang='lat' dir='ltr'><strong>Adrianum</strong></span> <span class='ocrx_word' id='word_1_74' title='bbox 1143 1401 1338 1472; x_wconf 85' lang='lat' dir='ltr'><strong>Tumebnm‚</strong></span> 
     </span>
     <span class='ocr_line' id='line_1_11' title="bbox 353 1501 1337 1578; baseline -0.005 -14"><span class='ocrx_word' id='word_1_75' title='bbox 353 1506 492 1573; x_wconf 88' lang='lat' dir='ltr'><strong>Parisiis,</strong></span> <span class='ocrx_word' id='word_1_76' title='bbox 507 1503 589 1578; x_wconf 92' lang='lat' dir='ltr'><strong>apud</strong></span> <span class='ocrx_word' id='word_1_77' title='bbox 607 1505 756 1564; x_wconf 75' lang='lat' dir='ltr'><strong>andream</strong></span> <span class='ocrx_word' id='word_1_78' title='bbox 772 1504 948 1564; x_wconf 86' lang='lat' dir='ltr'><strong>Wecbelnm</strong></span> <span class='ocrx_word' id='word_1_79' title='bbox 957 1543 967 1574; x_wconf 96' lang='lat'><strong>,</strong></span> <span class='ocrx_word' id='word_1_80' title='bbox 991 1501 1193 1574; x_wconf 81' lang='lat' dir='ltr'><strong>155o,1n-u⁰,</strong></span> <span class='ocrx_word' id='word_1_81' title='bbox 1212 1503 1265 1562; x_wconf 86' lang='lat' dir='ltr'><strong>iol.</strong></span> <span class='ocrx_word' id='word_1_82' title='bbox 1288 1507 1337 1564; x_wconf 81' lang='lat'><strong>22.</strong></span> 
     </span>
     <span class='ocr_line' id='line_1_12' title="bbox 353 1601 1334 1678; baseline -0.004 -13"><span class='ocrx_word' id='word_1_83' title='bbox 353 1607 450 1678; x_wconf 87' lang='lat' dir='ltr'><strong>Quem</strong></span> <span class='ocrx_word' id='word_1_84' title='bbox 469 1603 593 1678; x_wconf 92' lang='lat' dir='ltr'><strong>quidem</strong></span> <span class='ocrx_word' id='word_1_85' title='bbox 606 1603 718 1663; x_wconf 89' lang='lat' dir='ltr'><strong>librum</strong></span> <span class='ocrx_word' id='word_1_86' title='bbox 733 1618 751 1661; x_wconf 90' lang='lat' dir='ltr'><strong>a</strong></span> <span class='ocrx_word' id='word_1_87' title='bbox 766 1604 863 1661; x_wconf 86' lang='lat' dir='ltr'><strong>Ramo</strong></span> <span class='ocrx_word' id='word_1_88' title='bbox 879 1603 1083 1676; x_wconf 92' lang='lat' dir='ltr'><strong>conscriptum</strong></span> <span class='ocrx_word' id='word_1_89' title='bbox 1099 1601 1190 1660; x_wconf 83' lang='lat' dir='ltr'><strong>inisse</strong></span> <span class='ocrx_word' id='word_1_90' title='bbox 1208 1607 1334 1662; x_wconf 83' lang='lat' dir='ltr'><strong>constat</strong></span> 
     </span>
    </p>

    <p class='ocr_par' dir='ltr' id='par_1_6' title="bbox 238 1703 1450 3488">
     <span class='ocr_line' id='line_1_13' title="bbox 238 1703 1338 1779; baseline 0 -18"><span class='ocrx_word' id='word_1_91' title='bbox 238 1724 242 1730; x_wconf 95' lang='lat'>·</span> <span class='ocrx_word' id='word_1_92' title='bbox 358 1711 461 1766; x_wconf 85' lang='lat' dir='ltr'><strong>«Cum</strong></span> <span class='ocrx_word' id='word_1_93' title='bbox 476 1705 624 1764; x_wconf 81' lang='lat' dir='ltr'><strong>Adrianus</strong></span> <span class='ocrx_word' id='word_1_94' title='bbox 643 1704 802 1763; x_wconf 83' lang='lat' dir='ltr'><strong>Turnebus</strong></span> <span class='ocrx_word' id='word_1_95' title='bbox 820 1705 989 1763; x_wconf 87' lang='lat' dir='ltr'><strong>orationem</strong></span> <span class='ocrx_word' id='word_1_96' title='bbox 1007 1703 1186 1761; x_wconf 90' lang='lat' dir='ltr'><strong>invectivam</strong></span> <span class='ocrx_word' id='word_1_97' title='bbox 1202 1708 1232 1761; x_wconf 87' lang='lat' dir='ltr'><strong>et</strong></span> <span class='ocrx_word' id='word_1_98' title='bbox 1245 1705 1338 1779; x_wconf 86' lang='lat' dir='ltr'><strong>piane</strong></span> 
     </span>
     <span class='ocr_line' id='line_1_14' title="bbox 353 1803 1338 1883; baseline -0.003 -17"><span class='ocrx_word' id='word_1_99' title='bbox 353 1805 493 1883; x_wconf 86' lang='lat' dir='ltr'><strong>injuriam</strong></span> <span class='ocrx_word' id='word_1_100' title='bbox 515 1805 547 1863; x_wconf 94' lang='lat' dir='ltr'><strong>in</strong></span> <span class='ocrx_word' id='word_1_101' title='bbox 574 1806 702 1863; x_wconf 86' lang='lat' dir='ltr'><strong>Ramum</strong></span> <span class='ocrx_word' id='word_1_102' title='bbox 725 1803 888 1874; x_wconf 85' lang='lat' dir='ltr'><strong>edidisset,</strong></span> <span class='ocrx_word' id='word_1_103' title='bbox 916 1803 975 1862; x_wconf 90' lang='lat' dir='ltr'><strong>levi</strong></span> <span class='ocrx_word' id='word_1_104' title='bbox 1002 1803 1041 1862; x_wconf 93' lang='lat' dir='ltr'><strong>de</strong></span> <span class='ocrx_word' id='word_1_105' title='bbox 1069 1805 1338 1872; x_wconf 71' lang='lat' dir='ltr'><strong>crusciniacus,</strong></span> 
     </span>
     <span class='ocr_line' id='line_1_15' title="bbox 353 1898 1340 1980; baseline -0.003 -13"><span class='ocrx_word' id='word_1_106' title='bbox 353 1909 486 1976; x_wconf 78' lang='lat' dir='ltr'><strong>Ramns,</strong></span> <span class='ocrx_word' id='word_1_107' title='bbox 501 1909 606 1963; x_wconf 91' lang='lat' dir='ltr'><strong>nactus</strong></span> <span class='ocrx_word' id='word_1_108' title='bbox 621 1903 826 1962; x_wconf 90' lang='lat' dir='ltr'><strong>adversarium</strong></span> <span class='ocrx_word' id='word_1_109' title='bbox 848 1898 894 1978; x_wconf 93' lang='lat' dir='ltr'><strong>(ut</strong></span> <span class='ocrx_word' id='word_1_110' title='bbox 907 1899 1048 1979; x_wconf 91' lang='lat' dir='ltr'><strong>putabat)</strong></span> <span class='ocrx_word' id='word_1_111' title='bbox 1071 1919 1126 1962; x_wconf 90' lang='lat' dir='ltr'><strong>sua</strong></span> <span class='ocrx_word' id='word_1_112' title='bbox 1141 1907 1340 1980; x_wconf 86' lang='lat' dir='ltr'><strong>responsione</strong></span> 
     </span>
     <span class='ocr_line' id='line_1_16' title="bbox 352 2002 1342 2084; baseline -0.003 -19"><span class='ocrx_word' id='word_1_113' title='bbox 352 2007 525 2084; x_wconf 78' lang='lat' dir='ltr'><strong>dignum...</strong></span> <span class='ocrx_word' id='word_1_114' title='bbox 532 2045 542 2076; x_wconf 93' lang='lat'><strong>,</strong></span> <span class='ocrx_word' id='word_1_115' title='bbox 557 2018 614 2078; x_wconf 97' lang='lat' dir='ltr'><strong>per</strong></span> <span class='ocrx_word' id='word_1_116' title='bbox 627 2008 725 2063; x_wconf 88' lang='lat' dir='ltr'><strong>totum</strong></span> <span class='ocrx_word' id='word_1_117' title='bbox 744 2002 870 2062; x_wconf 87' lang='lat' dir='ltr'><strong>biduum</strong></span> <span class='ocrx_word' id='word_1_118' title='bbox 883 2003 1055 2062; x_wconf 82' lang='lat' dir='ltr'><strong>triduumve</strong></span> <span class='ocrx_word' id='word_1_119' title='bbox 1075 2005 1200 2078; x_wconf 89' lang='lat' dir='ltr'><strong>perdius</strong></span> <span class='ocrx_word' id='word_1_120' title='bbox 1218 2020 1253 2064; x_wconf 92' lang='lat' dir='ltr'><strong>ac</strong></span> <span class='ocrx_word' id='word_1_121' title='bbox 1267 2019 1342 2079; x_wconf 90' lang='lat' dir='ltr'><strong>per-</strong></span> 
     </span>
     <span class='ocr_line' id='line_1_17' title="bbox 351 2102 1340 2182; baseline -0.001 -17"><span class='ocrx_word' id='word_1_122' title='bbox 351 2121 412 2166; x_wconf 84' lang='lat' dir='ltr'><strong>nox</strong></span> <span class='ocrx_word' id='word_1_123' title='bbox 424 2104 567 2163; x_wconf 85' lang='lat' dir='ltr'><strong>Tumebo</strong></span> <span class='ocrx_word' id='word_1_124' title='bbox 582 2105 803 2178; x_wconf 89' lang='lat' dir='ltr'><strong>respondit....</strong></span> <span class='ocrx_word' id='word_1_125' title='bbox 818 2106 916 2177; x_wconf 92' lang='lat' dir='ltr'><strong>Quam</strong></span> <span class='ocrx_word' id='word_1_126' title='bbox 932 2102 1186 2182; x_wconf 84' lang='lat' dir='ltr'><strong>(responsionem)</strong></span> <span class='ocrx_word' id='word_1_127' title='bbox 1199 2121 1256 2178; x_wconf 79' lang='lat' dir='ltr'><strong>ego</strong></span> <span class='ocrx_word' id='word_1_128' title='bbox 1271 2107 1340 2181; x_wconf 91' lang='lat' dir='ltr'><strong>pari</strong></span> 
     </span>
     <span class='ocr_line' id='line_1_18' title="bbox 351 2206 1339 2283; baseline 0.001 -17"><span class='ocrx_word' id='word_1_129' title='bbox 351 2207 507 2266; x_wconf 87' lang='lat' dir='ltr'><strong>celeritate</strong></span> <span class='ocrx_word' id='word_1_130' title='bbox 521 2206 674 2279; x_wconf 90' lang='lat' dir='ltr'><strong>percurri,</strong></span> <span class='ocrx_word' id='word_1_131' title='bbox 691 2207 847 2280; x_wconf 83' lang='lat' dir='ltr'><strong>adpunxi,</strong></span> <span class='ocrx_word' id='word_1_132' title='bbox 862 2207 1007 2281; x_wconf 86' lang='lat' dir='ltr'><strong>descripsi</strong></span> <span class='ocrx_word' id='word_1_133' title='bbox 1028 2223 1063 2266; x_wconf 90' lang='lat' dir='ltr'><strong>ac</strong></span> <span class='ocrx_word' id='word_1_134' title='bbox 1082 2209 1162 2283; x_wconf 83' lang='lat' dir='ltr'><strong>typis</strong></span> <span class='ocrx_word' id='word_1_135' title='bbox 1177 2207 1339 2279; x_wconf 90' lang='lat' dir='ltr'><strong>mandavi,</strong></span> 
     </span>
     <span class='ocr_line' id='line_1_19' title="bbox 352 2303 1450 2383; baseline 0.005 -19"><span class='ocrx_word' id='word_1_136' title='bbox 352 2305 434 2380; x_wconf 92' lang='lat' dir='ltr'><strong>apud</strong></span> <span class='ocrx_word' id='word_1_137' title='bbox 451 2305 627 2366; x_wconf 87' lang='lat' dir='ltr'><strong>Wecbeium</strong></span> <span class='ocrx_word' id='word_1_138' title='bbox 639 2309 886 2378; x_wconf 60' lang='lat' dir='ltr'><strong>pernoctans...</strong></span> <span class='ocrx_word' id='word_1_139' title='bbox 908 2309 971 2364; x_wconf 83' lang='lat' dir='ltr'><strong>boc</strong></span> <span class='ocrx_word' id='word_1_140' title='bbox 991 2312 1093 2366; x_wconf 89' lang='lat' dir='ltr'><strong>autem</strong></span> <span class='ocrx_word' id='word_1_141' title='bbox 1110 2303 1189 2383; x_wconf 87' lang='lat' dir='ltr'><strong>dpns</strong></span> <span class='ocrx_word' id='word_1_142' title='bbox 1205 2309 1339 2366; x_wconf 87' lang='lat' dir='ltr'><strong>concita·</strong></span> <span class='ocrx_word' id='word_1_143' title='bbox 1449 2325 1450 2370; x_wconf 73' lang='lat' dir='ltr'><strong>t</strong></span> 
     </span>
     <span class='ocr_line' id='line_1_20' title="bbox 352 2399 1450 2494; baseline -0.001 -27"><span class='ocrx_word' id='word_1_144' title='bbox 352 2408 518 2478; x_wconf 90' lang='lat' dir='ltr'><strong>tissimum,</strong></span> <span class='ocrx_word' id='word_1_145' title='bbox 537 2421 576 2464; x_wconf 87' lang='lat' dir='ltr'><strong>ne</strong></span> <span class='ocrx_word' id='word_1_146' title='bbox 596 2421 613 2464; x_wconf 87' lang='lat' dir='ltr'><strong>a</strong></span> <span class='ocrx_word' id='word_1_147' title='bbox 628 2405 776 2480; x_wconf 87' lang='lat' dir='ltr'><strong>pertinaci</strong></span> <span class='ocrx_word' id='word_1_148' title='bbox 792 2422 846 2466; x_wconf 90' lang='lat' dir='ltr'><strong>sna</strong></span> <span class='ocrx_word' id='word_1_149' title='bbox 865 2409 1034 2478; x_wconf 80' lang='lat' dir='ltr'><strong>constantia</strong></span> <span class='ocrx_word' id='word_1_150' title='bbox 1051 2407 1211 2468; x_wconf 89' lang='lat' dir='ltr'><strong>descivisse</strong></span> <span class='ocrx_word' id='word_1_151' title='bbox 1225 2411 1341 2467; x_wconf 87' lang='lat' dir='ltr'><strong>Ramns</strong></span> <span class='ocrx_word' id='word_1_152' title='bbox 1449 2399 1450 2494; x_wconf 60' lang='lat' dir='ltr'><strong>i</strong></span> 
     </span>
     <span class='ocr_line' id='line_1_21' title="bbox 352 2507 1340 2586; baseline -0.001 -17"><span class='ocrx_word' id='word_1_153' title='bbox 352 2510 518 2580; x_wconf 88' lang='lat' dir='ltr'><strong>videretur,</strong></span> <span class='ocrx_word' id='word_1_154' title='bbox 542 2507 598 2566; x_wconf 94' lang='lat' dir='ltr'><strong>sub</strong></span> <span class='ocrx_word' id='word_1_155' title='bbox 623 2507 715 2565; x_wconf 87' lang='lat' dir='ltr'><strong>Taiaei</strong></span> <span class='ocrx_word' id='word_1_156' title='bbox 740 2509 862 2566; x_wconf 90' lang='lat' dir='ltr'><strong>nomine</strong></span> <span class='ocrx_word' id='word_1_157' title='bbox 885 2509 1071 2582; x_wconf 80' lang='lat' dir='ltr'><strong>divulgavit,</strong></span> <span class='ocrx_word' id='word_1_158' title='bbox 1102 2512 1191 2586; x_wconf 90' lang='lat' dir='ltr'><strong>eique</strong></span> <span class='ocrx_word' id='word_1_159' title='bbox 1214 2509 1340 2568; x_wconf 89' lang='lat' dir='ltr'><strong>laudem</strong></span> 
     </span>
     <span class='ocr_line' id='line_1_22' title="bbox 355 2608 1449 2686; baseline 0.001 -19"><span class='ocrx_word' id='word_1_160' title='bbox 355 2609 453 2682; x_wconf 78' lang='lat' dir='ltr'><strong>arguti</strong></span> <span class='ocrx_word' id='word_1_161' title='bbox 467 2609 570 2682; x_wconf 89' lang='lat' dir='ltr'><strong>scripti</strong></span> <span class='ocrx_word' id='word_1_162' title='bbox 584 2622 706 2666; x_wconf 91' lang='lat' dir='ltr'><strong>omnem</strong></span> <span class='ocrx_word' id='word_1_163' title='bbox 720 2608 869 2680; x_wconf 85' lang='lat' dir='ltr'><strong>contulit,</strong></span> <span class='ocrx_word' id='word_1_164' title='bbox 891 2609 976 2682; x_wconf 86' lang='lat' dir='ltr'><strong>cujus</strong></span> <span class='ocrx_word' id='word_1_165' title='bbox 990 2610 1042 2669; x_wconf 88' lang='lat' dir='ltr'><strong>ille</strong></span> <span class='ocrx_word' id='word_1_166' title='bbox 1055 2625 1093 2668; x_wconf 90' lang='lat' dir='ltr'><strong>ne</strong></span> <span class='ocrx_word' id='word_1_167' title='bbox 1107 2612 1250 2686; x_wconf 78' lang='lat' dir='ltr'><strong>paginam</strong></span> <span class='ocrx_word' id='word_1_168' title='bbox 1268 2611 1339 2685; x_wconf 94' lang='lat' dir='ltr'><strong>qui·</strong></span> <span class='ocrx_word' id='word_1_169' title='bbox 1448 2667 1449 2682; x_wconf 57' lang='grc'>,</span> 
     </span>
     <span class='ocr_line' id='line_1_23' title="bbox 352 2707 1336 2787; baseline 0.001 -19"><span class='ocrx_word' id='word_1_170' title='bbox 352 2709 423 2768; x_wconf 91' lang='lat' dir='ltr'><strong>dem</strong></span> <span class='ocrx_word' id='word_1_171' title='bbox 447 2708 515 2785; x_wconf 88' lang='lat' dir='ltr'><strong>(nisi</strong></span> <span class='ocrx_word' id='word_1_172' title='bbox 534 2708 617 2783; x_wconf 93' lang='lat' dir='ltr'><strong>quod</strong></span> <span class='ocrx_word' id='word_1_173' title='bbox 637 2710 716 2766; x_wconf 89' lang='lat' dir='ltr'><strong>sales</strong></span> <span class='ocrx_word' id='word_1_174' title='bbox 734 2707 882 2782; x_wconf 90' lang='lat' dir='ltr'><strong>quosdam</strong></span> <span class='ocrx_word' id='word_1_175' title='bbox 901 2714 992 2782; x_wconf 88' lang='lat' dir='ltr'><strong>atque</strong></span> <span class='ocrx_word' id='word_1_176' title='bbox 1010 2707 1097 2781; x_wconf 84' lang='lat' dir='ltr'><strong>iocos</strong></span> <span class='ocrx_word' id='word_1_177' title='bbox 1121 2708 1336 2787; x_wconf 83' lang='lat' dir='ltr'><strong>admiscuerat)</strong></span> 
     </span>
     <span class='ocr_line' id='line_1_24' title="bbox 353 2809 1341 2884; baseline 0.003 -18"><span class='ocrx_word' id='word_1_178' title='bbox 353 2811 501 2881; x_wconf 79' lang='lat' dir='ltr'><strong>integram</strong></span> <span class='ocrx_word' id='word_1_179' title='bbox 514 2809 742 2883; x_wconf 86' lang='lat' dir='ltr'><strong>conscripserat</strong></span> <span class='ocrx_word' id='word_1_180' title='bbox 762 2809 798 2867; x_wconf 84' lang='lat' dir='ltr'><strong>ut</strong></span> <span class='ocrx_word' id='word_1_181' title='bbox 813 2811 872 2868; x_wconf 87' lang='lat' dir='ltr'><strong>hoc</strong></span> <span class='ocrx_word' id='word_1_182' title='bbox 883 2810 965 2868; x_wconf 92' lang='lat' dir='ltr'><strong>solus</strong></span> <span class='ocrx_word' id='word_1_183' title='bbox 975 2823 1033 2882; x_wconf 82' lang='lat' dir='ltr'><strong>ego</strong></span> <span class='ocrx_word' id='word_1_184' title='bbox 1049 2823 1128 2868; x_wconf 90' lang='lat' dir='ltr'><strong>nnnc</strong></span> <span class='ocrx_word' id='word_1_185' title='bbox 1142 2811 1341 2884; x_wconf 89' lang='lat' dir='ltr'><strong>superstitum</strong></span> 
     </span>
     <span class='ocr_line' id='line_1_25' title="bbox 351 2909 1340 2984; baseline 0.005 -18"><span class='ocrx_word' id='word_1_186' title='bbox 351 2909 489 2966; x_wconf 88' lang='lat' dir='ltr'><strong>conscius</strong></span> <span class='ocrx_word' id='word_1_187' title='bbox 512 2923 681 2978; x_wconf 80' lang='lat' dir='ltr'><strong>assever03</strong></span> <span class='ocrx_word' id='word_1_188' title='bbox 711 2915 773 2968; x_wconf 89' lang='lat' dir='ltr'><strong>tres</strong></span> <span class='ocrx_word' id='word_1_189' title='bbox 801 2911 883 2969; x_wconf 91' lang='lat' dir='ltr'><strong>enirn</strong></span> <span class='ocrx_word' id='word_1_190' title='bbox 915 2911 972 2968; x_wconf 89' lang='lat' dir='ltr'><strong>soli</strong></span> <span class='ocrx_word' id='word_1_191' title='bbox 993 2909 1080 2984; x_wconf 84' lang='lat' dir='ltr'><strong>hujus</strong></span> <span class='ocrx_word' id='word_1_192' title='bbox 1107 2912 1151 2978; x_wconf 80' lang='lat' dir='ltr'><strong>rei</strong></span> <span class='ocrx_word' id='word_1_193' title='bbox 1180 2910 1340 2971; x_wconf 88' lang='lat' dir='ltr'><strong>ineramus</strong></span> 
     </span>
     <span class='ocr_line' id='line_1_26' title="bbox 353 3007 1339 3083; baseline 0.005 -18"><span class='ocrx_word' id='word_1_194' title='bbox 353 3008 475 3065; x_wconf 91' lang='lat' dir='ltr'><strong>conscii.</strong></span> <span class='ocrx_word' id='word_1_195' title='bbox 489 3028 502 3059; x_wconf 74' lang='grc' dir='ltr'><strong>ι</strong></span> <span class='ocrx_word' id='word_1_196' title='bbox 515 3007 653 3079; x_wconf 86' lang='lat' dir='ltr'><strong>Nance1.,</strong></span> <span class='ocrx_word' id='word_1_197' title='bbox 669 3009 681 3065; x_wconf 96' lang='lat' dir='ltr'>l</span> <span class='ocrx_word' id='word_1_198' title='bbox 713 3024 756 3080; x_wconf 91' lang='lat' dir='ltr'><strong>c.,</strong></span> <span class='ocrx_word' id='word_1_199' title='bbox 772 3025 801 3083; x_wconf 91' lang='lat' dir='ltr'><strong>p.</strong></span> <span class='ocrx_word' id='word_1_200' title='bbox 822 3011 878 3081; x_wconf 84' lang='grc'><strong>11,</strong></span> <span class='ocrx_word' id='word_1_201' title='bbox 894 3011 943 3069; x_wconf 79' lang='lat' dir='ltr'><strong>bi.</strong></span> <span class='ocrx_word' id='word_1_202' title='bbox 959 3011 1013 3069; x_wconf 86' lang='lat' dir='ltr'><strong>iiic</strong></span> <span class='ocrx_word' id='word_1_203' title='bbox 1032 3015 1133 3069; x_wconf 89' lang='lat' dir='ltr'><strong>autem</strong></span> <span class='ocrx_word' id='word_1_204' title='bbox 1149 3015 1215 3069; x_wconf 87' lang='lat' dir='ltr'><strong>erat</strong></span> <span class='ocrx_word' id='word_1_205' title='bbox 1232 3011 1339 3071; x_wconf 91' lang='lat' dir='ltr'><strong>titulus</strong></span> 
     </span>
     <span class='ocr_line' id='line_1_27' title="bbox 353 3107 1447 3196; baseline 0.004 -29"><span class='ocrx_word' id='word_1_206' title='bbox 353 3107 451 3167; x_wconf 85' lang='lat' dir='ltr'><strong>libelii</strong></span> <span class='ocrx_word' id='word_1_207' title='bbox 474 3122 492 3166; x_wconf 91' lang='lat' dir='ltr'><strong>a</strong></span> <span class='ocrx_word' id='word_1_208' title='bbox 515 3108 659 3167; x_wconf 89' lang='lat' dir='ltr'><strong>Turnebo</strong></span> <span class='ocrx_word' id='word_1_209' title='bbox 683 3108 825 3168; x_wconf 89' lang='lat' dir='ltr'><strong>adversus</strong></span> <span class='ocrx_word' id='word_1_210' title='bbox 848 3111 976 3170; x_wconf 81' lang='lat' dir='ltr'><strong>liamum</strong></span> <span class='ocrx_word' id='word_1_211' title='bbox 1002 3111 1105 3171; x_wconf 88' lang='lat' dir='ltr'><strong>editi:</strong></span> <span class='ocrx_word' id='word_1_212' title='bbox 1130 3111 1182 3171; x_wconf 83' lang='lat' dir='ltr'><strong>Ad.</strong></span> <span class='ocrx_word' id='word_1_213' title='bbox 1202 3112 1337 3171; x_wconf 85' lang='lat' dir='ltr'><strong>Turnebi</strong></span> <span class='ocrx_word' id='word_1_214' title='bbox 1446 3191 1447 3196; x_wconf 8' lang='grc' dir='ltr'>ἵ</span> 
     </span>
     <span class='ocr_line' id='line_1_28' title="bbox 353 3209 1447 3288; baseline 0.003 -18"><span class='ocrx_word' id='word_1_215' title='bbox 353 3211 523 3285; x_wconf 84' lang='lat' dir='ltr'><strong>Disputatio</strong></span> <span class='ocrx_word' id='word_1_216' title='bbox 538 3209 578 3268; x_wconf 89' lang='lat' dir='ltr'><strong>ad</strong></span> <span class='ocrx_word' id='word_1_217' title='bbox 591 3209 702 3269; x_wconf 90' lang='lat' dir='ltr'><strong>librum</strong></span> <span class='ocrx_word' id='word_1_218' title='bbox 712 3211 865 3269; x_wconf 85' lang='lat' dir='ltr'><strong>Ciceronis</strong></span> <span class='ocrx_word' id='word_1_219' title='bbox 875 3213 914 3270; x_wconf 89' lang='lat' dir='ltr'><strong>de</strong></span> <span class='ocrx_word' id='word_1_220' title='bbox 925 3213 1004 3283; x_wconf 86' lang='lat' dir='ltr'><strong>sato,</strong></span> <span class='ocrx_word' id='word_1_221' title='bbox 1015 3213 1159 3272; x_wconf 89' lang='lat' dir='ltr'><strong>adversus</strong></span> <span class='ocrx_word' id='word_1_222' title='bbox 1174 3212 1337 3288; x_wconf 89' lang='lat' dir='ltr'><strong>quemdam</strong></span> <span class='ocrx_word' id='word_1_223' title='bbox 1446 3247 1447 3260; x_wconf 50' lang='lat'><strong>,</strong></span> 
     </span>
     <span class='ocr_line' id='line_1_29' title="bbox 354 3312 1447 3392; baseline 0.001 -21"><span class='ocrx_word' id='word_1_224' title='bbox 354 3313 482 3389; x_wconf 92' lang='lat' dir='ltr'><strong>quinon</strong></span> <span class='ocrx_word' id='word_1_225' title='bbox 492 3313 590 3371; x_wconf 91' lang='lat' dir='ltr'><strong>solum</strong></span> <span class='ocrx_word' id='word_1_226' title='bbox 605 3312 720 3386; x_wconf 78' lang='lat' dir='ltr'><strong>logicus</strong></span> <span class='ocrx_word' id='word_1_227' title='bbox 732 3327 813 3383; x_wconf 87' lang='lat' dir='ltr'><strong>esso,</strong></span> <span class='ocrx_word' id='word_1_228' title='bbox 825 3327 930 3371; x_wconf 89' lang='lat' dir='ltr'><strong>verum</strong></span> <span class='ocrx_word' id='word_1_229' title='bbox 942 3313 1031 3371; x_wconf 90' lang='lat' dir='ltr'><strong>etiam</strong></span> <span class='ocrx_word' id='word_1_230' title='bbox 1042 3313 1219 3373; x_wconf 86' lang='lat' dir='ltr'><strong>dialecticus</strong></span> <span class='ocrx_word' id='word_1_231' title='bbox 1230 3314 1338 3373; x_wconf 89' lang='lat' dir='ltr'><strong>baberi</strong></span> <span class='ocrx_word' id='word_1_232' title='bbox 1446 3381 1447 3392; x_wconf 9' lang='grc' dir='ltr'>χ</span> 
     </span>
     <span class='ocr_line' id='line_1_30' title="bbox 353 3413 1333 3488; baseline -0.001 -16"><span class='ocrx_word' id='word_1_233' title='bbox 353 3413 425 3473; x_wconf 85' lang='lat' dir='ltr'><strong>vult</strong></span> <span class='ocrx_word' id='word_1_234' title='bbox 439 3415 575 3485; x_wconf 78' lang='lat' dir='ltr'><strong>Lutetia,</strong></span> <span class='ocrx_word' id='word_1_235' title='bbox 588 3413 670 3488; x_wconf 91' lang='lat' dir='ltr'><strong>apud</strong></span> <span class='ocrx_word' id='word_1_236' title='bbox 682 3413 768 3473; x_wconf 86' lang='lat' dir='ltr'><strong>Micb.</strong></span> <span class='ocrx_word' id='word_1_237' title='bbox 784 3416 999 3483; x_wconf 80' lang='lat' dir='ltr'><strong>vascosanum,</strong></span> <span class='ocrx_word' id='word_1_238' title='bbox 1013 3414 1105 3485; x_wconf 88' lang='grc'><strong>1556,</strong></span> <span class='ocrx_word' id='word_1_239' title='bbox 1113 3415 1207 3486; x_wconf 83' lang='lat' dir='ltr'><strong>in—b0,</strong></span> <span class='ocrx_word' id='word_1_240' title='bbox 1219 3415 1269 3474; x_wconf 88' lang='lat' dir='ltr'><strong>soi.</strong></span> <span class='ocrx_word' id='word_1_241' title='bbox 1284 3415 1333 3473; x_wconf 77' lang='lat'><strong>5⁴2.</strong></span> 
     </span>
    </p>
   </div>
   <div class='ocr_carea' id='block_1_6' title="bbox 352 3527 1111 3599">
    <p class='ocr_par' dir='ltr' id='par_1_7' title="bbox 352 3527 1111 3599">
     <span class='ocr_line' id='line_1_31' title="bbox 352 3527 1111 3599; baseline 0.001 -15"><span class='ocrx_word' id='word_1_242' title='bbox 352 3559 393 3570; x_wconf 85' lang='lat'><strong>-</strong></span> <span class='ocrx_word' id='word_1_243' title='bbox 409 3527 495 3586; x_wconf 83' lang='lat' dir='ltr'><strong>*vid</strong></span> <span class='ocrx_word' id='word_1_244' title='bbox 513 3528 591 3586; x_wconf 87' lang='lat' dir='ltr'><strong>inira</strong></span> <span class='ocrx_word' id='word_1_245' title='bbox 608 3527 694 3586; x_wconf 89' lang='lat' dir='ltr'><strong>Rami</strong></span> <span class='ocrx_word' id='word_1_246' title='bbox 708 3533 738 3586; x_wconf 91' lang='lat' dir='ltr'><strong>et</strong></span> <span class='ocrx_word' id='word_1_247' title='bbox 753 3527 843 3586; x_wconf 82' lang='lat' dir='ltr'><strong>Tolaei</strong></span> <span class='ocrx_word' id='word_1_248' title='bbox 858 3527 1039 3599; x_wconf 77' lang='lat' dir='ltr'><strong>collectan,</strong></span> <span class='ocrx_word' id='word_1_249' title='bbox 1055 3533 1111 3588; x_wconf 89' lang='lat' dir='ltr'><strong>etc.</strong></span> 
     </span>
    </p>
   </div>
   <div class='ocr_carea' id='block_1_7' title="bbox 315 3647 1446 4224">
    <p class='ocr_par' dir='ltr' id='par_1_8' title="bbox 315 3647 1446 4224">
     <span class='ocr_line' id='line_1_32' title="bbox 315 3647 1336 3724; baseline 0.001 -17"><span class='ocrx_word' id='word_1_250' title='bbox 315 3649 361 3708; x_wconf 77' lang='lat' dir='ltr'><strong>tu.</strong></span> <span class='ocrx_word' id='word_1_251' title='bbox 386 3647 448 3706; x_wconf 78' lang='lat' dir='ltr'><strong>‘bb</strong></span> <span class='ocrx_word' id='word_1_252' title='bbox 469 3651 502 3708; x_wconf 87' lang='lat' dir='ltr'><strong>T.</strong></span> <span class='ocrx_word' id='word_1_253' title='bbox 527 3649 680 3708; x_wconf 86' lang='lat' dir='ltr'><strong>Ciceronis</strong></span> <span class='ocrx_word' id='word_1_254' title='bbox 697 3648 736 3708; x_wconf 89' lang='lat' dir='ltr'><strong>de</strong></span> <span class='ocrx_word' id='word_1_255' title='bbox 756 3649 872 3723; x_wconf 91' lang='lat' dir='ltr'><strong>optimo</strong></span> <span class='ocrx_word' id='word_1_256' title='bbox 888 3663 1000 3721; x_wconf 78' lang='lat' dir='ltr'><strong>genere</strong></span> <span class='ocrx_word' id='word_1_257' title='bbox 1021 3654 1177 3709; x_wconf 90' lang='lat' dir='ltr'><strong>oratorum</strong></span> <span class='ocrx_word' id='word_1_258' title='bbox 1197 3649 1336 3724; x_wconf 80' lang='lat' dir='ltr'><strong>praefatio</strong></span> 
     </span>
     <span class='ocr_line' id='line_1_33' title="bbox 354 3746 1446 3822; baseline 0.006 -18"><span class='ocrx_word' id='word_1_259' title='bbox 354 3746 385 3804; x_wconf 89' lang='lat' dir='ltr'><strong>in</strong></span> <span class='ocrx_word' id='word_1_260' title='bbox 400 3747 566 3808; x_wconf 88' lang='lat' dir='ltr'><strong>contrarias</strong></span> <span class='ocrx_word' id='word_1_261' title='bbox 579 3749 725 3810; x_wconf 80' lang='lat' dir='ltr'><strong>AEscbinis</strong></span> <span class='ocrx_word' id='word_1_262' title='bbox 735 3754 766 3808; x_wconf 92' lang='lat' dir='ltr'><strong>et</strong></span> <span class='ocrx_word' id='word_1_263' title='bbox 780 3751 989 3808; x_wconf 86' lang='lat' dir='ltr'><strong>Demosthenis</strong></span> <span class='ocrx_word' id='word_1_264' title='bbox 1002 3751 1173 3822; x_wconf 90' lang='lat' dir='ltr'><strong>orationes,</strong></span> <span class='ocrx_word' id='word_1_265' title='bbox 1187 3753 1217 3808; x_wconf 89' lang='lat' dir='ltr'><strong>P.</strong></span> <span class='ocrx_word' id='word_1_266' title='bbox 1237 3752 1336 3822; x_wconf 83' lang='lat' dir='ltr'><strong>Rami,</strong></span> <span class='ocrx_word' id='word_1_267' title='bbox 1445 3773 1446 3820; x_wconf 76' lang='lat' dir='ltr'><strong>t</strong></span> 
     </span>
     <span class='ocr_line' id='line_1_34' title="bbox 355 3845 1337 3923; baseline 0.002 -17"><span class='ocrx_word' id='word_1_268' title='bbox 355 3846 430 3920; x_wconf 80' lang='lat' dir='ltr'><strong>regii</strong></span> <span class='ocrx_word' id='word_1_269' title='bbox 442 3845 622 3920; x_wconf 77' lang='lat' dir='ltr'><strong>doquenuae</strong></span> <span class='ocrx_word' id='word_1_270' title='bbox 633 3851 663 3905; x_wconf 89' lang='lat' dir='ltr'><strong>et</strong></span> <span class='ocrx_word' id='word_1_271' title='bbox 673 3847 871 3922; x_wconf 86' lang='lat' dir='ltr'><strong>pbilosopbiae</strong></span> <span class='ocrx_word' id='word_1_272' title='bbox 882 3846 1082 3922; x_wconf 76' lang='lat' dir='ltr'><strong>professoris,</strong></span> <span class='ocrx_word' id='word_1_273' title='bbox 1093 3848 1337 3923; x_wconf 79' lang='lat' dir='ltr'><strong>prelectionibus</strong></span> 
     </span>
     <span class='ocr_line' id='line_1_35' title="bbox 352 3945 1335 4021; baseline 0.001 -15"><span class='ocrx_word' id='word_1_274' title='bbox 352 3949 501 4006; x_wconf 89' lang='lat' dir='ltr'><strong>illustrata</strong></span> <span class='ocrx_word' id='word_1_275' title='bbox 518 3961 527 4004; x_wconf 75' lang='grc' dir='ltr'><strong>ε</strong></span> <span class='ocrx_word' id='word_1_276' title='bbox 543 3945 582 4005; x_wconf 92' lang='lat' dir='ltr'><strong>ad</strong></span> <span class='ocrx_word' id='word_1_277' title='bbox 596 3947 738 4006; x_wconf 90' lang='lat' dir='ltr'><strong>Caroium</strong></span> <span class='ocrx_word' id='word_1_278' title='bbox 756 3948 971 4021; x_wconf 81' lang='lat' dir='ltr'><strong>Lotbaringnm</strong></span> <span class='ocrx_word' id='word_1_279' title='bbox 985 3948 1178 4008; x_wconf 84' lang='lat' dir='ltr'><strong>cardinalem..</strong></span> <span class='ocrx_word' id='word_1_280' title='bbox 1200 3949 1335 4016; x_wconf 85' lang='lat' dir='ltr'><strong>Parisiis,</strong></span> 
     </span>
     <span class='ocr_line' id='line_1_36' title="bbox 355 4043 1336 4126; baseline 0.002 -21"><span class='ocrx_word' id='word_1_281' title='bbox 355 4046 437 4121; x_wconf 86' lang='lat' dir='ltr'><strong>apud</strong></span> <span class='ocrx_word' id='word_1_282' title='bbox 451 4050 482 4105; x_wconf 88' lang='grc' dir='ltr'><strong>Δ.</strong></span> <span class='ocrx_word' id='word_1_283' title='bbox 501 4047 621 4119; x_wconf 88' lang='lat' dir='ltr'><strong>Wech.,</strong></span> <span class='ocrx_word' id='word_1_284' title='bbox 638 4047 728 4117; x_wconf 83' lang='grc'><strong>1557,</strong></span> <span class='ocrx_word' id='word_1_285' title='bbox 742 4047 836 4118; x_wconf 74' lang='lat' dir='ltr'><strong>in-te,</strong></span> <span class='ocrx_word' id='word_1_286' title='bbox 851 4046 902 4106; x_wconf 87' lang='lat' dir='ltr'><strong>ioi.</strong></span> <span class='ocrx_word' id='word_1_287' title='bbox 919 4049 957 4105; x_wconf 79' lang='lat'><strong>20</strong></span> <span class='ocrx_word' id='word_1_288' title='bbox 974 4043 1056 4126; x_wconf 87' lang='lat' dir='ltr'><strong>(cum</strong></span> <span class='ocrx_word' id='word_1_289' title='bbox 1069 4049 1247 4123; x_wconf 78' lang='lat' dir='ltr'><strong>privilegio,</strong></span> <span class='ocrx_word' id='word_1_290' title='bbox 1263 4047 1336 4107; x_wconf 92' lang='lat' dir='ltr'><strong>dato</strong></span> 
     </span>
     <span class='ocr_line' id='line_1_37' title="bbox 355 4133 1445 4224; baseline 0.001 -19"><span class='ocrx_word' id='word_1_291' title='bbox 355 4147 496 4218; x_wconf 87' lang='lat' dir='ltr'><strong>Lutetiae,</strong></span> <span class='ocrx_word' id='word_1_292' title='bbox 515 4147 556 4206; x_wconf 90' lang='lat' dir='ltr'><strong>id.</strong></span> <span class='ocrx_word' id='word_1_293' title='bbox 575 4153 651 4222; x_wconf 87' lang='lat' dir='ltr'><strong>sept.</strong></span> <span class='ocrx_word' id='word_1_294' title='bbox 670 4147 769 4224; x_wconf 87' lang='lat' dir='ltr'><strong>t556).</strong></span> <span class='ocrx_word' id='word_1_295' title='bbox 1444 4133 1445 4171; x_wconf 60' lang='lat'>¹</span> 
     </span>
    </p>
   </div>
   <div class='ocr_carea' id='block_1_8' title="bbox 354 4260 1444 4340">
    <p class='ocr_par' dir='ltr' id='par_1_9' title="bbox 354 4260 1444 4340">
     <span class='ocr_line' id='line_1_38' title="bbox 354 4260 1444 4340; baseline 0.017 -26"><span class='ocrx_word' id='word_1_296' title='bbox 354 4291 394 4300; x_wconf 84' lang='lat'>—</span> <span class='ocrx_word' id='word_1_297' title='bbox 410 4260 498 4318; x_wconf 75' lang='lat' dir='ltr'><strong>*vid</strong></span> <span class='ocrx_word' id='word_1_298' title='bbox 520 4260 596 4320; x_wconf 85' lang='lat' dir='ltr'><strong>inira</strong></span> <span class='ocrx_word' id='word_1_299' title='bbox 609 4264 742 4324; x_wconf 84' lang='lat' dir='ltr'><strong>Praelect.</strong></span> <span class='ocrx_word' id='word_1_300' title='bbox 758 4265 788 4323; x_wconf 92' lang='lat' dir='ltr'><strong>in</strong></span> <span class='ocrx_word' id='word_1_301' title='bbox 801 4265 894 4323; x_wconf 87' lang='lat' dir='ltr'><strong>Cicer.</strong></span> <span class='ocrx_word' id='word_1_302' title='bbox 916 4270 983 4324; x_wconf 87' lang='lat' dir='ltr'><strong>orat</strong></span> <span class='ocrx_word' id='word_1_303' title='bbox 1011 4270 1042 4324; x_wconf 85' lang='lat' dir='ltr'><strong>et</strong></span> <span class='ocrx_word' id='word_1_304' title='bbox 1056 4266 1168 4340; x_wconf 87' lang='lat' dir='ltr'><strong>scripta</strong></span> <span class='ocrx_word' id='word_1_305' title='bbox 1177 4265 1331 4326; x_wconf 86' lang='lat' dir='ltr'><strong>nonnulla.</strong></span> <span class='ocrx_word' id='word_1_306' title='bbox 1443 4291 1444 4332; x_wconf 76' lang='lat' dir='ltr'><strong>t</strong></span> 
     </span>
    </p>
   </div>
   <div class='ocr_carea' id='block_1_9' title="bbox 0 0 1460 5066">
    <p class='ocr_par' dir='ltr' id='par_1_10' title="bbox 0 0 1460 5066">
     <span class='ocr_line' id='line_1_39' title="bbox 0 0 1460 5066; baseline 0 0"><span class='ocrx_word' id='word_1_307' title='bbox 0 0 1460 5066; x_wconf 95' lang='lat' dir='ltr'><strong> </strong></span> 
     </span>
    </p>
   </div>
  </div>
 </body>
</html>
