2916 5062
530 421 717 490 ..93-

155 583 241 653 llaec
252 591 287 652 et
305 581 386 650 talia
403 578 582 652 meditanti
606 600 682 651 sors
705 587 808 650 atrox
826 579 976 652 instabat
994 608 1001 650 :
1024 601 1131 672 quarn

109 711 223 772 nmen
243 700 374 771 evitare
386 698 571 791 potuisset,
586 698 757 790 siquidem
775 699 909 771 oblatas
928 701 994 772 sibi
1009 702 1044 770 in
1063 701 1128 772 Po·

109 821 269 890 louorum
293 818 465 910 legatione
491 826 606 909 partes
630 817 832 910 accepisset.
860 818 995 890 Scilicet
1021 839 1130 909 quum

2 956 3 975 ¹
109 940 208 1010 toan.
233 937 443 1025 Monlucius,
460 936 719 1012 Valentinorum
747 937 951 1032 episcopus,
972 939 1008 1009 in
1029 937 1131 1009 Polo'-

111 1053 204 1124 niam
217 1055 350 1144 legatus
367 1050 642 1145 proficisceretur
658 1048 725 1146 (l),
738 1053 848 1124 Ramo
863 1063 901 1124 ut
913 1075 1030 1125 secum
1040 1051 1132 1125 viam

2 1166 3 1173 ’
110 1173 257 1261 laceret,
271 1171 316 1242 ad
329 1169 1132 1262 Henricianucgavensislaudesdecantandas,

111 1311 242 1380 magno
261 1291 370 1384 pretio
384 1289 594 1383 persuadere
609 1298 755 1359 conatus
776 1299 840 1360 est.
864 1315 881 1356 (ι
901 1290 946 1359 At
962 1310 1060 1377 vero,
1071 1290 1132 1374 ait,

112 1418 249 1502 oportet
272 1416 441 1479 oratorem
467 1428 537 1478 non
553 1416 686 1480 tautum
711 1406 849 1477 dicendi
877 1406 1048 1498 peritum,
1073 1407 1136 1478 sed

112 1527 226 1624 virum
243 1527 373 1600 bouum
390 1546 468 1596 esse
487 1552 495 1594 :
515 1547 579 1596 nec
598 1523 664 1594 viri
682 1523 767 1594 boni
783 1523 903 1615 lingua
917 1523 1049 1594 venalis
1060 1545 1137 1594 esse

113 1632 217 1714 debet
230 1642 300 1738 (2).
322 1643 481 1713 »Paucis
504 1652 619 1718 autem
642 1651 721 1736 post
742 1641 883 1729 diebus,
905 1642 941 1710 in
957 1642 1135 1712 Bartholo

114 1783 189 1832 mea
204 1763 261 1832 illa
280 1761 543 1854 protestantium
560 1770 675 1852 strage
687 1760 800 1853 periit,
819 1781 883 1831 uec
896 1770 1010 1830 tamen
1026 1759 1138 1852 perire

114 1880 254 1966 debuit,
267 1879 334 1949 nisi
346 1878 411 1949 sub
422 1879 597 1968 religionis
609 1879 737 1971 specie,
753 1886 873 1948 contra
886 1876 977 1968 regis
988 1877 1135 1968 reginae·

1 2082 7 2111 ‚
113 2019 184 2088 que
201 1998 411 2068 voluntatem
427 2006 462 2068 et
478 1996 698 2096 interdictum
710 1993 777 2090 (3),
798 1996 933 2088 privata
954 1995 1134 2067 inimicitia

113 2137 301 2209 oppressus
319 2115 451 2186 suisset.

161 2236 238 2304 lam
263 2234 409 2306 biduum
428 2232 481 2328 (t)
506 2235 541 2304 in
570 2234 743 2305 horrenda
770 2236 868 2306 caede
893 2243 1135 2326 consumptum

90 2355 242 2439 luerat,
260 2351 439 2444 ipsiusque
464 2352 583 2446 populi
605 2353 702 2421 furor
715 2352 940 2446 desaevierat‚
958 2373 1037 2421 cum
1050 2351 1136 2446 sica-

114 2473 154 2542 rii
168 2472 327 2544 mercede
347 2471 527 2559 conducti,
548 2472 639 2541 lacto
663 2470 793 2562 impetu
821 2471 1012 2540 Praelleum.
1030 2469 1134 2539 colle·

1 2646 4 2655 .
111 2592 209 2682 gium
234 2599 455 2683 oppugnant,
475 2590 678 2682 foribusque
716 2587 864 2658 effractis
886 2587 1034 2658 latebras
1055 2608 1137 2679 per-

111 2716 321 2779 scrutantur.
336 2708 380 2778 Ut
391 2709 520 2779 Ramus
531 2707 650 2777 hostes
659 2706 780 2778 adesse
789 2704 971 2793 intellexit,
985 2703 1136 2777 incertus

111 2827 197 2918 quid
217 2829 360 2912 laceret,
375 2826 421 2897 ad
439 2826 663 2898 celsissimum
680 2823 815 2916 collegii
832 2823 1031 2895 cubiculum
1049 2844 1135 2894 cou-

1 2956 5 2983 '
112 2945 310 3032 scenderat,
330 2953 434 3037 atque
452 2944 485 3014 in
504 2943 749 3015 bibliothecam
768 2943 993 3036 perexiguam
1019 2944 1138 3017 clauso

113 3064 238 3136 ostiolo
256 3063 414 3153 abditus,
434 3063 544 3135 oculis
558 3075 592 3135 et
604 3063 765 3135 manibus
778 3062 823 3133 ad
835 3065 963 3134 coelum
982 3061 1135 3148 intentis,

115 3201 235 3272 preces
260 3181 487 3272 instaurabat.
519 3181 570 3250 Eo
605 3181 730 3250 cohors
754 3187 886 3249 armata
916 3160 1133 3249 effunditur:

115 3307 261 3370 mortem
276 3299 404 3370 Ramus
419 3301 545 3370 frustra
558 3287 783 3391 deprecatus,
798 3294 864 3366 sibi
879 3297 1001 3366 saltem
1013 3293 1136 3368 orandi

117 3417 253 3487 veniam
281 3418 356 3488 dari
379 3426 492 3504 ratus,
526 3438 645 3511 preces
665 3415 814 3506 integrat
831 3435 911 3504 quae
933 3413 1137 3488 moriturum

117 3536 298 3606 decebant.
330 3534 492 3607 Animum
520 3535 626 3627 igitur
652 3535 724 3604 Deo
758 3532 1004 3604 commendans
1038 3553 1138 3604 orare
1210 3531 1214 3548 '

115 3653 169 3722 his
182 3653 298 3723 verbis
314 3654 454 3724 auditus
472 3661 524 3722 est
541 3679 548 3720 :
569 3675 586 3718 u
601 3650 676 3721 Tibi
691 3651 756 3722 soli
772 3651 934 3744 peccavi,
950 3673 971 3722 o
987 3650 1137 3736 lehem,

149 3924 183 3985 (ι)
195 3925 278 3976 llcnsc
292 3926 450 3988 illoangnsto
468 3929 536 3976 toll.
550 3925 604 3973 vio.
619 3925 743 3983 ueThou,
759 3925 777 3973 l.
794 3923 909 3974 lllltntt.

150 4008 183 4070 (2)
194 4007 299 4067 Bonos,
313 4023 338 4070 p.
351 4013 390 4060 18.

150 4085 185 4144 (l)
197 4083 315 4142 Narmal„
327 4097 351 4146 p.
367 4088 411 4137 ll..

149 4163 184 4227 (t)
195 4164 326 4214 «Monens
336 4169 373 4214 est
381 4167 464 4226 itaquo
473 4163 689 4213 Rumusviceslmn
701 4161 883 4219 sextuaugustt
891 4172 949 4206 unu.
964 4157 1061 4207 bomini
1071 4161 1141 4218 1512,

116 4249 195 4295 aetutis
208 4259 268 4296 vero
279 4249 374 4298 circiter
390 4253 428 4298 bl.
442 4267 453 4292 n
475 4248 578 4304 uanos..
596 4259 621 4308 p.
636 4249 674 4302 35.
