2912 5066
680 400 891 476 -lfilt-

266 561 356 622 sieusl
383 559 507 620 basilica
534 575 718 634 annuarum,
747 563 817 634 lego
844 563 1023 637 quingentas
1049 563 1079 621 in
1105 562 1286 637 stipendium

266 661 469 720 mathematici
489 661 689 736 professoris,
713 663 766 736 qui
789 664 919 721 triennio
942 663 1176 735 arithmeticam,
1196 665 1287 724 musi-

267 777 354 832 cam,
383 763 605 835 geometriam,
629 764 779 838 opticam,
812 765 1041 837 mechanicam,
1073 765 1287 838 astrologiam,

267 865 502 938 geographiam,
526 880 587 923 non
614 864 651 924 ad
676 866 832 924 hominum
860 868 1051 941 opinionem,
1074 866 1130 924 sed
1151 866 1190 924 ad
1212 867 1289 940 logi·

266 979 333 1026 cam
347 966 503 1025 veritatem
517 967 547 1025 iu
561 968 646 1039 regia
659 967 804 1026 cathedra
817 967 935 1028 doceat.
953 969 1085 1028 Primum
1100 969 1287 1036 fridericum

266 1069 442 1128 llelsnerum
454 1067 484 1126 in
497 1073 561 1127 tres
574 1068 688 1144 primos
700 1084 795 1130 annos
807 1070 1011 1145 professorem
1029 1068 1129 1142 eligo,
1144 1069 1285 1140 nomino,

266 1184 420 1246 creoque:
449 1161 482 1228 'ut
509 1171 649 1229 inchoata
676 1171 886 1230 communibus
914 1173 1021 1244 vigiliis
1044 1186 1159 1245 opera,
1183 1172 1285 1244 optica

267 1273 433 1346 praesertim
458 1276 489 1331 et
507 1271 687 1344 astrologica
704 1272 849 1345 perficiat.
877 1274 945 1346 Quo
963 1278 1102 1347 tempore
1122 1273 1147 1329 si
1167 1272 1206 1330 ad
1218 1287 1287 1331 me-

268 1371 395 1430 thodum
425 1369 638 1428 Mathematico
664 1370 809 1447 proemio
838 1373 1024 1447 propositam
1036 1413 1046 1444 ,
1075 1371 1210 1445 perfecta
1238 1376 1290 1429 aut

268 1471 376 1533 effecta
389 1473 523 1531 studiose
537 1471 705 1546 seduloque
719 1473 888 1543 curaverit,
900 1473 1064 1532 triennium
1079 1473 1205 1530 alterum
1219 1487 1291 1546 pro

268 1589 354 1647 rogo.
381 1575 494 1632 Exacto
514 1573 645 1633 triennio
667 1573 789 1647 siquid
812 1588 918 1644 secus,
943 1578 995 1633 aut
1016 1573 1183 1643 sexennio,
1204 1573 1228 1630 si
1253 1588 1292 1631 ex

268 1680 374 1751 optato
398 1680 530 1748 votoque
553 1673 652 1743 faxit,
680 1687 790 1732 novam
816 1675 998 1734 electionem
1026 1690 1043 1731 a
1069 1673 1291 1747 professoribus

268 1777 359 1848 regiis
377 1775 419 1834 slc
438 1774 551 1832 institui
565 1774 642 1830 volo.
663 1773 859 1831 Professionis
876 1787 1022 1842 examen,
1043 1779 1076 1834 et
1091 1774 1154 1845 jam
1169 1773 1289 1848 profes-

269 1877 353 1935 slone
373 1876 438 1949 ipsa
457 1873 638 1948 perfuncto,
658 1878 689 1930 et
707 1872 816 1931 ceteris
838 1873 978 1932 omnibus
998 1873 1215 1950 cuiuscumque
1237 1891 1289 1935 na-

269 1976 359 2036 tionis
379 1975 594 2033 mathematum
615 1973 771 2045 studiosis,
793 1991 811 2032 a
830 1975 950 2048 collegii
972 1978 1094 2034 Decano
1114 1976 1146 2034 in
1170 1979 1290 2036 tertium

269 2091 403 2136 mensem
424 2075 643 2150 promulgator.
669 2077 789 2136 Interea
809 2076 995 2150 praelegendi
1010 2080 1040 2134 et
1058 2077 1172 2148 ingenii
1193 2079 1290 2152 expli·

270 2178 358 2238 candi
375 2176 662 2252 demonstrandique
681 2177 809 2236 facultas
823 2177 990 2237 candidatis
1005 2183 1079 2238 esto.
1104 2179 1150 2238 Atl
1164 2194 1291 2240 examen

270 2294 360 2340 nemo
374 2280 430 2338 nisi
443 2279 542 2338 latinis
555 2279 721 2354 grecisque
734 2279 845 2350 literis,
858 2285 889 2338 et
902 2281 1039 2352 ingenuis
1053 2282 1169 2342 artibus
1181 2287 1292 2357 praeter

270 2381 455 2440 mathemata
474 2379 599 2455 reliquis
614 2382 777 2441 instructus
791 2380 965 2441 admittitor.
983 2383 1141 2442 Trimcstri
1156 2384 1293 2457 promul-

271 2479 401 2554 gationis
415 2480 587 2554 praeterito,
608 2477 778 2552 candidati,
799 2480 997 2552 presentibus
1017 2486 1070 2540 aut
1082 2487 1166 2542 certe
1180 2483 1292 2554 rogatis

272 2585 364 2656 atque
392 2581 522 2641 invitatis
543 2584 665 2638 senatus
686 2578 814 2654 praeside
838 2580 962 2652 primo,
985 2580 1146 2655 primoque
1171 2588 1292 2641 oratore

272 2681 375 2754 regio,
404 2687 469 2742 tum
495 2687 697 2740 mercatorum
729 2680 894 2754 prefecto,
924 2680 1035 2740 deinde
1067 2681 1293 2754 professoribus

272 2783 380 2857 reglis,
396 2783 595 2856 omnibusque
608 2783 733 2842 omnino
748 2782 858 2855 quibus
871 2783 1017 2842 interesse
1035 2781 1173 2854 libuerit,
1191 2785 1293 2856 publi-

273 2896 342 2942 cum
363 2896 491 2942 examen
513 2881 684 2952 subeunte,
707 2883 900 2954 praelegendo
924 2888 1040 2957 septem
1062 2882 1170 2944 diebus
1187 2885 1293 2943 horam

272 2995 364 3044 unam
381 2981 421 3040 de
435 2981 595 3057 praecipuis
615 2981 802 3052 singulorum
820 2984 1037 3043 mathematum
1058 2984 1226 3058 capitibus,
1240 3000 1294 3043 oo-

272 3088 342 3142 tato
360 3083 410 3142 die
430 3080 644 3156 respondendo
665 3085 696 3140 et
714 3081 926 3140 satisfaciendo
942 3085 1141 3157 problematis
1161 3091 1192 3145 et
1205 3065 1306 3146 theo-⁸

275 3395 376 3442 Lutetle
385 3393 515 3442 D.Nlcolal
525 3405 539 3440 a
551 3393 668 3440 cardueto
680 3392 756 3438 :hanc
767 3391 846 3439 Talao
856 3404 924 3440 sacra
933 3395 1067 3452 capessenti
1078 3391 1177 3451 legavit.
1188 3395 1223 3441 lix
1232 3397 1299 3455 prlo-

275 3457 330 3525 ratu
345 3478 500 3526 Rhodonensf
512 3484 610 3524 centum
620 3484 750 3524 coronatos
760 3477 797 3523 vel
810 3477 892 3536 plures
903 3479 1004 3536 singulis
1020 3478 1090 3525 annis
1103 3480 1225 3538 caplehat.
1238 3481 1297 3528 Nam

275 3562 396 3609 abbatiam
411 3573 424 3608 a
435 3562 558 3609 cardinale
568 3575 613 3608 suo
624 3561 745 3618 oblatam,
764 3561 830 3608 velut
847 3561 958 3609 laborum
974 3569 999 3609 et
1010 3561 1144 3610 officiorum
1155 3565 1296 3625 premium,

277 3645 396 3694 recusavlt
397 3676 447 3692 .....
454 3645 510 3702 Quo
521 3657 596 3703 porro
607 3652 717 3704 tempore
728 3644 874 3692 domesticos
885 3659 974 3706 pueros
985 3647 1102 3706 pensione
1113 3655 1239 3697 numerata
1248 3649 1299 3696 ale-

278 3729 333 3788 bat,
343 3725 458 3774 credibile
469 3732 507 3772 est
518 3738 547 3771 ex
559 3739 588 3773 eo
600 3735 690 3774 certam
701 3729 810 3787 pecunie
820 3742 940 3776 summam
953 3729 1040 3778 lucrari
1051 3731 1161 3780 solitum.
1173 3732 1221 3781 Sed
1231 3739 1298 3792 post-

276 3823 350 3872 quam
369 3809 462 3858 'falaeus
480 3810 510 3856 ab
524 3821 553 3856 eo
572 3809 696 3868 discessit,
719 3811 780 3860 hanc
802 3813 951 3870 prouinciam
969 3826 1020 3860 ase
1033 3815 1116 3873 rejecit
1127 3820 1152 3861 et
1165 3814 1297 3875 abdicavit,

276 3897 413 3944 studiorum
429 3906 501 3954 quam
520 3892 554 3939 rel
567 3891 691 3940 familiaris
700 3895 859 3951 procurandae
869 3897 997 3943 amantior.
1010 3897 1116 3944 Accessit
1128 3905 1212 3958 postea
1222 3898 1297 3945 foenus

276 3979 401 4039 epecunla
410 3980 433 4025 lu
444 3977 603 4025 parisiensem
612 3981 773 4022 mercatorum
780 3978 938 4024 oeconomlam
950 3985 1102 4038 trapezamve
1112 3981 1297 4042 collatasnmp-

277 4070 316 4110 tus
328 4063 431 4110 faciebat
442 4075 504 4124 pene
516 4059 603 4108 reditui
614 4060 720 4119 aequales
732 4073 738 4104 a
753 4071 806 4106 nam
820 4067 907 4119 preter
918 4063 1008 4109 rictum
1020 4070 1044 4110 et
1057 4065 1183 4123 restitum,
1195 4072 1220 4112 et
1231 4077 1296 4124 gum·

277 4148 336 4194 uasti
350 4148 554 4207 negotiorumque
566 4145 777 4206 procurationem,
798 4143 925 4204 litiumque
936 4153 1063 4207 sumptus,
1079 4149 1209 4196 duodecim
1221 4148 1298 4198 alebat

273 4241 363 4292 pueros
375 4230 566 4278 Suessionenses
577 4230 732 4276 uniuersos·
745 4229 855 4286 Naucel,
868 4229 884 4275 l.
895 4242 929 4288 c.‚
939 4242 964 4288 p.
977 4233 1055 4280 eti-57.
