2916 5062
553 397 747 470 ..31-

128 580 229 630 suam
244 556 440 644 confinem,
461 558 496 626 in
512 565 605 629 tanta
623 557 902 630 adversariorum
919 557 1058 642 letitia,
1078 559 1161 632 dum

130 679 161 747 ei
185 674 448 748 interdiceretur
475 674 567 748 omni
588 683 661 748 turn
686 673 884 768 scriptionis
911 685 984 746 turn
1006 697 1162 770 praecep-

132 795 237 868 tionis
263 815 411 886 genere,
434 792 621 884 vinctaque
644 792 763 886 lingua
787 794 833 866 ad
858 804 1060 887 perpetuam
1083 797 1160 868 adi-

132 920 462 1008 gereturtxeputbr.
660 897 664 904 ⁵

180 1031 415 1119 Quinetiam,
439 1031 469 1100 si
487 1030 523 1098 P.
547 1028 749 1112 Gallandi0‚
779 1031 876 1102 Rami
895 1032 1053 1122 inimico,
1074 1033 1182 1106 fides·
1241 1021 1246 1034 ’
1286 1081 1294 1101 .

134 1149 332 1232 adhibetur,
352 1148 495 1240 gravius
510 1147 643 1239 aliquid
661 1148 868 1243 philosopho
888 1161 1006 1222 nostro
1026 1161 1158 1223 tanturn

135 1291 206 1340 non
237 1251 384 1357 accidit,
414 1289 538 1360 nempe
561 1276 600 1338 ut
626 1266 795 1340 consimili
826 1277 930 1359 atque
957 1272 1157 1362 nequissimi

132 1389 286 1459 latrones
314 1407 419 1480 poena
440 1387 583 1478 allectus
609 1385 806 1456 triremibus
836 1386 1068 1458 addiceretur.
1099 1391 1158 1460 His

133 1515 248 1577 autem
267 1505 383 1575 verbis
408 1527 479 1574 rem
510 1526 653 1597 prorsus
681 1503 872 1574 inauditam
896 1503 1096 1577 Gallandius
1122 1508 1156 1576 iu

134 1631 172 1695 P.
197 1623 370 1696 Castellum
384 1627 467 1710 vitu,
487 1623 661 1715 explicatr
683 1646 700 1688 u
717 1621 802 1690 Cum
814 1621 849 1691 in
866 1607 932 1693 hac
944 1623 1062 1695 schola
1080 1635 1159 1695 ante

9 1765 13 1796 ²
132 1765 243 1814 annos
261 1751 341 1814 octo
358 1741 510 1834 sophista
531 1743 685 1812 famosus
699 1741 808 1811 musis
823 1741 920 1812 iratis
936 1749 1058 1832 natus,
1079 1743 1155 1832 glo-

132 1861 195 1933 riae
223 1861 401 1954 popularis
428 1861 484 1931 siti
513 1859 712 1953 inexplebili
737 1881 914 1953 praeceps,
950 1857 1133 1930 Aristotele
1142 1909 1157 1949 ‚-

132 1981 296 2052 Cicerone
307 1989 340 2052 et
353 1979 562 2064 Quintiliano
579 1981 771 2072 petulanter
784 1987 818 2048 et
834 1979 1034 2070 ignoranter
1045 2003 1154 2050 vexa-

132 2101 194 2189 tis,
210 2100 341 2170 nullum
355 2097 457 2169 finem
476 2099 511 2168 in
531 2098 689 2189 quemvis
705 2106 881 2168 auctorem
900 2099 1080 2169 classicum
1095 2099 1155 2170 de-

131 2217 325 2289 baechandi
343 2218 495 2288 facturus
516 2217 704 2304 videretur,
727 2215 929 2308 priusquam
947 2227 1153 2309 praesentem

9 2355 12 2367 ⁴
131 2337 307 2408 literarum
331 2343 454 2405 statum
475 2335 729 2423 labefactasset,
759 2345 864 2427 atque
884 2337 929 2408 ad
951 2357 1050 2406 suam
1072 2337 1151 2407 libi-

9 2517 11 2540 ,
132 2456 248 2526 dinem
268 2455 505 2546 pervertisset,
523 2453 682 2548 permulti
698 2454 854 2526 doctrina
870 2475 911 2524 ac
928 2455 1052 2525 virtute
1066 2477 1151 2524 con-

131 2573 245 2666 spicui
262 2571 419 2643 homines
440 2571 624 2644 audaciam
640 2582 710 2643 tarn
729 2572 964 2665 prodigiosam
985 2572 1153 2662 indignis·

98 2697 101 2699 ’
131 2691 218 2761 sime
256 2691 413 2762 tulerunt.
463 2689 619 2782 Cumque
653 2691 698 2762 de
731 2711 773 2760 eo
813 2689 908 2781 apud
948 2711 1065 2780 regem
1104 2691 1151 2765 ita

130 2809 310 2900 conquesti
334 2819 468 2897 essent,
496 2819 533 2879 ut
556 2811 613 2880 ille
629 2830 693 2903 pro
717 2830 781 2879 sua
799 2818 965 2901 perpetua
984 2809 1020 2880 in
1038 2809 1152 2881 literas

130 2934 164 2996 et
178 2926 355 2998 literarum
380 2928 592 3020 professores
612 2927 852 2998 benevolentia
869 2927 962 3004 hunc
989 2927 1150 3020 indigua·

9 3115 13 3126 ,
130 3043 270 3115 bandus
300 3045 346 3116 ad
376 3065 508 3116 remum
534 3045 736 3116 damnatum
766 3044 961 3114 triremibus
990 3045 1153 3117 addicere

130 3171 312 3254 statueret,
330 3164 421 3256 regis
437 3165 590 3237 animum
607 3165 707 3238 faceti
723 3163 848 3256 leporis
861 3163 1030 3234 suavitate
1047 3167 1152 3236 emol-

129 3283 226 3354 litum
243 3283 289 3354 ad
314 3283 517 3355 senteutiam
541 3283 711 3354 mitiorem
741 3282 953 3354 Castellauus
979 3281 1147 3352 traduxit.

129 3395 325 3489 Sophistam
353 3405 541 3490 uagantem
565 3406 598 3467 et
628 3397 743 3490 inepte
772 3393 1074 3493 philosophantem
1105 3394 1152 3463 ah

128 3515 378 3587 humanissimo
392 3538 473 3608 rege
487 3519 581 3587 nullo
596 3515 734 3609 capitali
750 3511 920 3606 supplicio
937 3512 1150 3606 puniendum

129 3647 225 3714 esse;
252 3647 372 3696 verum
396 3648 476 3697 cum
496 3627 608 3698 doctis
632 3625 831 3696 horninibus
849 3645 967 3696 coram
985 3625 1153 3716 gravibus

10 3745 11 3750 ’
128 3743 435 3837 disceptatoribus,
464 3744 499 3814 in
524 3743 766 3838 disputationis
784 3751 957 3815 certarnen
988 3743 1149 3814 commis-

125 3883 226 3948 sum,
256 3863 468 3952 argumentis
494 3863 789 3952 convincendum,
816 3871 851 3932 et
874 3863 1007 3934 ratione
1033 3862 1150 3952 aliqua

128 3980 289 4074 graviore
303 3980 348 4052 ad
360 3981 539 4053 sanitatem
552 3980 802 4054 reducendum.
813 3980 969 4063 Quorum
981 3978 1148 4049 sententia

128 4119 206 4168 curn
236 4099 334 4172 illum
359 4121 423 4170 rex
441 4099 605 4188 inscitiae,
634 4097 859 4192 impudentiae
888 4106 923 4168 et
950 4093 1150 4166 temeritatis

9 4311 12 4324 Ι
126 4215 350 4306 damnatum,
394 4217 590 4312 silentiique
622 4237 727 4309 poena
761 4214 942 4285 multatum
979 4210 1145 4299 vidisset,
