2912 5066
562 391 776 460 -151-÷

161 555 244 648 pria.
250 553 425 645 juventuti
443 553 625 624 tradantur
630 603 702 622 .....
723 554 786 626 sed
803 555 1034 645 cognitionem
1051 556 1185 629 artisin

160 676 228 744 hoc
254 694 330 744 esse
356 672 455 760 dico,
484 693 588 742 nsum
611 672 695 747 artis
720 672 755 742 in
783 671 851 743 hoc
873 694 949 746 esse
972 695 1062 765 nego
1080 673 1149 769 (l).
1165 701 1182 744 n

161 792 251 862 Num
269 790 454 862 ridiculum
471 791 506 859 in
529 790 672 862 modum
689 790 906 863 dialecticam
926 815 947 863 a
964 793 1086 864 ceteris
1106 794 1186 864 arti-

162 911 228 980 bus
241 919 276 980 et
290 908 441 980 scientiis
455 909 625 1000 sejunxit,
641 909 703 1000 qni
716 931 852 1002 semper
868 910 1059 982 dialecticas
1072 912 1187 983 studia

162 1050 242 1098 cum
262 1027 469 1120 eloquentiae
492 1035 528 1098 et
552 1027 723 1098 bonarum
743 1028 870 1099 artium
894 1029 1019 1100 studiis
1042 1031 1187 1119 conjun-

162 1146 278 1237 genda
287 1166 365 1216 esse
375 1146 566 1237 professus,
578 1144 799 1218 acerbissime
812 1146 858 1216 oh
870 1147 906 1218 id
919 1147 1032 1238 ipsum
1041 1155 1189 1218 vexatus

164 1271 236 1334 tota
257 1263 328 1333 vita
352 1263 439 1333 tuiti
461 1263 631 1340 Nimirum
653 1263 734 1332 olim
754 1264 892 1336 fuerunt
908 1263 1106 1357 philosophi
1126 1267 1188 1355 qni

165 1382 419 1474 philosophiam
432 1381 573 1452 minime
589 1380 634 1450 ad
646 1379 825 1452 hominum
839 1381 1020 1452 utilitatem
1032 1389 1189 1474 spectare

164 1501 411 1573 contenderent
440 1498 506 1590 (2).
536 1500 622 1570 Sunt
649 1499 765 1570 adhuc
790 1499 826 1570 in
854 1508 972 1572 nostra
997 1509 1100 1571 aetate
1127 1501 1189 1594 qni

164 1621 271 1690 Ramo
296 1620 332 1688 in
356 1619 485 1690 crimen
516 1627 673 1706 vertant,
700 1617 798 1710 qnod
824 1619 974 1710 logicam
999 1626 1190 1690 ceterarum

164 1737 426 1828 disciplinarum
457 1737 723 1810 instrumentum
756 1757 832 1808 esse
865 1737 1009 1825 dixerit,
1045 1739 1191 1829 ejusque

166 1853 1187 1949 usumdiligenter,ineloquentiapraesertimexcoluerittd).

167 1973 319 2044 Caveant
329 1994 412 2042 vero
427 1971 625 2064 philosophi
634 1980 740 2061 atque
752 1971 787 2042 in
797 1972 917 2064 primis
927 1973 1030 2064 logici
1039 1994 1101 2060 ne,
1117 1993 1192 2042 mo·

101 2159 107 2169 ,
166 2092 288 2162 destiae
313 2112 437 2177 causa,
467 2090 637 2181 legitimas
666 2111 748 2160 suas
775 2090 840 2183 ipsi
866 2101 982 2183 partes
1006 2092 1188 2176 deserant,

166 2227 275 2300 quum
287 2211 449 2280 universo
464 2209 639 2280 rhetorum
653 2230 824 2280 consensu
836 2217 970 2280 constet
980 2210 1054 2280 sine
1067 2209 1191 2300 logicae

166 2326 558 2398 antsaltemdialecticae
567 2325 1191 2418 usunnllamefficiimodoceriposse

168 2445 386 2518 rhetoricam.
411 2445 494 2516 llaec
513 2467 534 2515 a
557 2445 716 2528 Socrate,
735 2441 897 2531 Platone,
918 2441 1100 2512 Aristotele
1116 2452 1190 2514 tra-

167 2563 239 2655 dita
256 2564 393 2656 opinio,
409 2584 429 2632 a
445 2563 609 2634 Cicerone
627 2569 769 2652 accepta
783 2560 1053 2652 transmissaque
1064 2561 1185 2647 nohis,

168 2661 425 2774 apudrhetores
436 2680 592 2752 omnium
607 2676 878 2769 gentiumvaluit
890 2676 1087 2767 valebitque
1098 2699 1185 2748 sem

169 2820 243 2890 per,
262 2799 392 2890 qnippe
409 2817 490 2887 qnae
508 2818 577 2867 non
595 2796 787 2884 somniate,
803 2795 866 2866 sed
882 2804 1004 2866 natura
1021 2802 1185 2886 tanquam

167 2917 375 2988 admonente
399 2923 533 3008 reperta
556 2935 633 2984 esse
656 2913 816 2984 videatur
833 2909 899 3006 (l).
918 2913 1047 2984 hamus
1070 2912 1188 3002 itaque

166 3032 260 3104 haud
277 3032 446 3102 immerito
465 3031 588 3122 logicae
610 3051 680 3102 non
699 3029 804 3102 modo
822 3029 1046 3120 dignitatem,
1070 3029 1132 3100 sed
1153 3038 1187 3099 et

166 3151 362 3222 universam
388 3150 480 3228 illam
506 3148 685 3218 utilitatem
716 3148 850 3236 absque
873 3145 1044 3237 paradoxi
1072 3143 1187 3236 specie

167 3269 351 3340 defendere
369 3268 575 3361 scriptisque
595 3267 763 3336 illustrare
785 3263 907 3356 potuit.
927 3263 970 3333 Ut
985 3262 1078 3332 enim
1094 3262 1186 3334 illius

168 3389 274 3457 verba
292 3409 499 3480 usurpemus
515 3414 522 3456 :
537 3410 554 3452 u
569 3385 754 3460 Dialectica
767 3384 944 3473 generales
959 3383 1186 3456 ratiocinandi

169 3507 262 3596 leges
279 3506 402 3594 tradit,
422 3506 550 3596 quihus
568 3504 713 3594 reliquae
730 3511 820 3573 artes
837 3503 1063 3574 communiter
1080 3511 1184 3574 utun-

183 3779 184 3782 Ἴ
199 3819 234 3882 (1)
249 3820 332 3871 schol.
346 3820 417 3882 diat,
427 3820 447 3869 1.
458 3819 532 3880 ill,c.
549 3823 590 3878 ¹63
603 3817 773 3878 ct.‚i.v1,c.
786 3823 810 3868 6.

199 3903 234 3968 (2)
249 3905 361 3963 Aristet„
373 3903 522 3966 lietaphys,
536 3903 555 3952 l.
567 3903 590 3963 l,
603 3915 625 3950 c.
642 3907 649 3950 1
667 3904 692 3950 et
701 3902 734 3952 al.

198 3987 232 4050 (t)
250 3988 278 4036 B.
288 3988 469 4048 saint-Hilaire,
480 3985 515 4036 ha
526 3987 632 4048 tegique
643 3985 751 4042 derisi„
762 3987 788 4032 in
799 3984 879 4046 pret,
887 3997 912 4046 p.
922 3981 1187 4033 cxxxvi-cxxxviii

167 4077 304 4212 etgisilid.
315 4152 456 4214 elegantiss.
468 4152 665 4202 dissertationem
677 4163 733 4211 qnae
744 4148 887 4197 inscribitur
897 4167 902 4195 ι
913 4140 992 4197 Etude
1004 4149 1047 4214 sur
1059 4147 1083 4197 la
1093 4147 1186 4198 Rhc'to-

170 4238 239 4297 rique
249 4233 396 4296 d’hristcte,
408 4239 473 4284 auct.
488 4236 515 4284 E.
529 4235 620 4293 llavet,
631 4233 719 4294 Paris,
738 4235 809 4289 itit,
823 4232 895 4298 in380.
