2916 5062
728 324 918 403 ..35-

263 569 264 572 ¹
314 487 501 561 dicendum
519 497 574 558 est
590 486 708 574 uobis,
730 505 812 578 quae
825 497 861 558 el
877 485 992 578 qualis
1009 486 1107 576 regia
1124 485 1183 556 illa
1200 486 1340 579 proles·
1449 581 1450 584 Ἴ

314 609 388 694 sio,
410 627 526 698 quave
544 606 592 678 de
610 606 753 676 materia
776 606 890 676 luerit.
920 605 985 675 llic
1005 605 1120 697 ipsum
1148 607 1341 697 aliquando

315 727 518 813 audiamus,
546 734 745 796 narrantem
771 745 843 817 qua
861 733 978 798 moute
1004 724 1190 817 profitendi
1210 749 1342 798 munus

316 845 518 938 susceperit.

372 993 388 1027 ι
408 963 494 1034 Cum
516 966 634 1054 regim
647 963 772 1034 artium
787 961 983 1034 liberalium
1002 963 1179 1054 professor
1199 963 1341 1034 iustitu-

318 1092 374 1154 tus
383 1103 512 1165 essem,
522 1082 679 1175 persuasi
694 1081 780 1152 mihi
794 1101 851 1150 me
873 1101 894 1150 a
908 1101 991 1171 rege
1002 1079 1041 1149 iu
1053 1081 1342 1172 praestauliuima

319 1201 520 1294 reipublicae
561 1209 662 1294 parte
691 1199 967 1271 administranda
1002 1200 1209 1270 collocatum
1240 1219 1340 1287 csse,

317 1317 463 1409 diesque
479 1326 514 1387 et
528 1327 648 1388 noctes
661 1316 774 1387 modis
790 1316 953 1386 omnibus
969 1315 1207 1406 vigilandum,
1224 1319 1344 1409 provi·

317 1435 490 1523 deudum,
508 1435 711 1508 enitendum
720 1435 860 1527 putavi,
878 1443 1035 1504 uetante
1048 1443 1228 1526 tantaeque
1244 1438 1341 1506 solli-

317 1556 481 1628 citudinis
504 1564 538 1626 et
562 1555 752 1630 curationis
774 1554 873 1624 oneri
898 1553 1172 1624 succumberem.
1201 1553 1344 1626 Poudus

321 1693 429 1764 grave
468 1681 503 1742 et
535 1671 719 1742 difficultas
754 1691 879 1759 magua
915 1677 990 1739 erat
1024 1669 1203 1762 proposita
1235 1697 1247 1740 ε,
1279 1672 1343 1742 sed

321 1811 440 1878 aurcr,
470 1787 640 1880 quicquid
666 1787 743 1858 lieri
776 1797 913 1880 pooeet,
946 1788 1048 1858 facile
1080 1811 1226 1880 quoque
1262 1812 1342 1882 per·

319 1906 490 1980 suadebat
517 1928 593 1978 esso
615 1908 680 1995 (l).
724 1957 894 1974 .....
920 1906 1064 1977 Laboris
1094 1908 1200 1998 igitur
1233 1908 1343 1978 nostri

320 2027 495 2118 longiores
511 2035 640 2098 tractus
659 2035 772 2098 ursule
788 2025 1005 2118 praecipiens,
1023 2027 1178 2097 omnium
1201 2028 1344 2098 omuino

321 2147 457 2217 viarum
488 2145 614 2217 ducem
644 2167 753 2228 uuum
783 2144 953 2236 imprimis
982 2169 1076 2216 eamn
1108 2154 1188 2216 aute
1223 2148 1347 2216 oculos

322 2264 405 2334 mibi
424 2264 612 2356 proposui,
632 2264 729 2334 uude
743 2272 865 2356 postea
882 2263 968 2333 artis
978 2265 1148 2355 cujusque
1164 2273 1200 2335 et
1217 2265 1346 2336 veritas

322 2391 356 2454 et
379 2383 506 2452 utilitas
527 2393 708 2475 appareret
734 2380 801 2476 (2).
831 2411 845 2444 υ
869 2381 1031 2476 ⁸Scilicet,
1055 2404 1164 2473 quum
1180 2383 1344 2454 eumdem

323 2502 361 2572 iu
372 2502 517 2592 singulis
529 2501 663 2572 artibus
680 2501 806 2591 logicae
823 2499 995 2570 facultatis
1011 2521 1113 2570 usum
1133 2522 1210 2572 osse
1230 2503 1344 2604 philp-

320 2621 455 2713 sophus
479 2629 597 2690 noster
619 2620 864 2703 arbitraretur,
891 2618 961 2688 hoc
978 2617 1013 2687 iu
1030 2618 1150 2688 auimo
1172 2619 1343 2707 babebat,

324 2748 363 2808 ut
388 2739 481 2807 huuc
505 2760 607 2807 usum
631 2738 667 2805 in
692 2758 904 2827 unaquaque
926 2736 1117 2807 liberalium
1142 2739 1268 2808 artium
1287 2739 1347 2810 de·

325 2864 547 2941 monstraret,
566 2855 601 2924 iu
621 2861 796 2956 ἐξωτερικοῖς
815 2855 984 2946 primum,
1003 2856 1128 2948 utipse
1145 2856 1209 2944 ait,
1224 2879 1348 2950 nempe

326 2975 364 3043 iu.
387 2973 628 3064 grammatica,
653 2974 846 3061 rhetorica,
868 2975 1048 3045 dialectica
1069 2975 1197 3064 etiam,
1222 2977 1350 3048 deiude

326 3093 361 3161 irr
384 3101 627 3186 ἀκροαματικοῖς,
662 3093 791 3164 scilicet
812 3093 847 3162 iu
874 3093 1143 3181 mathematicis,
1172 3095 1348 3188 physicis,

326 3206 587 3301 metaphysicis,
620 3208 810 3299 ethicisque
835 3207 968 3278 artibus
999 3207 1068 3302 (3).
1100 3209 1237 3280 Nullam
1266 3231 1350 3280 vero

326 3327 543 3420 disciplinam
563 3327 693 3418 attigit,
717 3327 800 3417 quis
818 3349 895 3398 caru
922 3328 1110 3398 reformare
1129 3328 1195 3398 sibi
1216 3349 1351 3422 propc-

326 3446 430 3515 situm
447 3445 630 3515 habuerit:
652 3444 745 3516 uude
763 3445 949 3515 nonnullas
964 3446 1086 3517 eadem
1107 3446 1350 3532 illa‚iuimico·

358 3767 393 3829 (l)
410 3767 492 3827 Quum
510 3767 576 3816 hanc
593 3771 617 3819 ln
636 3768 766 3831 profitendi
782 3777 892 3818 'munere
906 3768 1051 3830 dignitatem
1063 3771 1167 3831 positam
1186 3781 1239 3819 essa
1258 3769 1353 3821 Remus

329 3860 475 3909 persuasum
487 3849 604 3910 haberet,
617 3849 679 3898 nihil
694 3852 732 3898 est
748 3850 842 3897 mirum
858 3848 927 3910 qaod
940 3849 1024 3914 Stsph.
1042 3850 1159 3911 Pasquler
1176 3849 1207 3898 de
1220 3863 1249 3899 co
1263 3837 1366 3902 dixerit

329 3930 418 3994 (Rech.
429 3931 460 3982 de
472 3932 496 3981 la
507 3932 615 3991 France,
631 3929 648 3979 l.
662 3931 707 3989 lx,
720 3944 742 3980 c.
754 3929 812 3991 201:
827 3929 953 3988 «Burnus,
970 3943 1005 3981 err
1014 3935 1159 3992 enseignant
1181 3932 1203 3980 la
1221 3935 1351 3996 jeuuessc‚

327 4019 401 4066 estoit
413 4030 447 4066 un
460 4017 562 4066 homme
573 4015 672 4064 d'eslut.
688 4034 698 4056 ι

359 4097 393 4162 (t)
410 4098 477 4148 Orat.
490 4099 520 4148 dc
530 4105 578 4147 sua
586 4095 686 4168 profess,
699 4096 790 4154 habit,
805 4107 864 4146 rmn.
880 4101 953 4148 15⁶³.

358 4179 397 4244 (3)
414 4182 474 4231 lbld.
