2916 5062
559 425 748 498 -ρῦ-

139 601 174 662 et
187 589 342 662 enrichir
355 588 399 658 de
412 595 525 660 tontes
539 581 672 659 bonnes
681 590 797 662 lettres
810 599 844 660 et
858 591 1013 661 seienees
1026 591 1046 661 a
1059 587 1167 663 l'hon

142 725 230 781 neur
247 718 283 779 et
300 707 409 800 gleire
431 708 611 778 deNostre
630 708 797 799 Seignenr
817 719 852 780 et
872 731 916 780 au
939 711 1029 780 saint
1045 711 1107 782 des
1123 711 1166 781 fi·-

145 829 259 917 deles3
284 827 362 920 puis
380 824 563 916 n’agneres
581 826 734 898 advertis
754 829 801 899 dn
828 829 966 899 trouble
988 828 1125 900 advenu
1146 831 1165 901 a

143 956 264 1018 nostre
279 945 380 1018 chere
399 955 433 1016 et
449 945 559 1016 aimee
578 941 793 1018 l’Universite
816 948 860 1018 de
880 947 997 1038 Paris,
1021 949 1042 1019 a
1062 967 1166 1020 cause·

141 1066 186 1136 de
204 1066 301 1136 deux
314 1065 417 1136 livres
435 1064 514 1136 faits
533 1085 596 1157 par
617 1065 757 1136 maistre
777 1065 891 1138 Pierre
914 1068 1060 1156 Ramus,
1084 1068 1164 1160 inti-

141 1181 234 1252 tulez
242 1181 315 1251 l’nn
326 1182 516 1252 Dialecticoe
525 1186 760 1271 institutiones,
772 1192 806 1255 et
815 1185 938 1256 l'autre
948 1185 1166 1258 Aristotelian

143 1301 461 1387 animadversiones,
494 1308 530 1372 et
560 1300 622 1372 des
652 1322 777 1395 prooez
808 1310 842 1372 et
873 1302 1067 1390 differents,
1104 1305 1165 1396 qui

145 1418 294 1490 estoient
311 1418 468 1512 pendans
492 1435 536 1490 en
559 1428 676 1490 nostre
694 1441 780 1492 cour
795 1419 840 1491 de
862 1421 1053 1492 Parlement
1070 1422 1169 1494 audit

144 1537 233 1624 lien,
263 1547 360 1610 entre
385 1538 449 1610 elle
468 1547 503 1610 et
527 1537 610 1609 ledit
630 1539 758 1609 Ramns
781 1561 870 1630 pour
894 1541 1010 1611 raison
1036 1541 1167 1613 desdits

144 1653 266 1740 livres,
291 1675 380 1726 nous
401 1657 451 1726 les
469 1655 628 1728 eussions
645 1656 837 1746 evoqueza
856 1678 945 1726 nous
966 1678 1056 1749 penr
1071 1679 1165 1728 som«

144 1772 347 1843 mairement
362 1782 397 1844 et
414 1782 665 1866 promptement
680 1799 704 1869 y
719 1775 907 1867 ponrvoir‚
930 1783 963 1846 et
977 1774 998 1846 a
1014 1783 1102 1845 cette
1118 1773 1166 1844 fin

143 1890 303 1962 eussions
319 1891 477 1963 ordonne
494 1912 563 1983 qne
577 1892 717 1964 maistre
728 1891 878 1964 Antoine
897 1892 942 1963 de
954 1893 1090 1978 Govea‚
1108 1894 1168 1983 qni

144 2009 277 2080 s'estoit
291 2013 450 2103 presente
463 2010 483 2080 a
496 2010 680 2104 impugner
692 2020 726 2081 et
738 2010 895 2082 debattre
907 2011 1028 2082 lesdits
1045 2011 1163 2098 limes,

142 2138 176 2197 et
186 2129 271 2200 ledit
279 2130 408 2200 Remus
421 2129 482 2221 qni
492 2129 542 2200 les
550 2130 743 2207 sonstenoit
756 2140 789 2200 et
799 2131 992 2206 delendoit.
1010 2129 1166 2202 eliroient

141 2256 175 2317 et
187 2248 439 2320 nommeroient
451 2248 494 2320 de
507 2247 642 2319 chacun
659 2251 755 2320 coste
763 2248 859 2319 deux
867 2249 957 2320 bons
967 2257 1001 2318 et
1008 2248 1166 2320 notables

11 2383 13 2396 ’
141 2383 397 2457 personnages,
419 2365 646 2436 connoissans
664 2367 714 2437 les
730 2367 876 2457 langues
891 2387 1044 2458 grenque
1062 2375 1096 2438 et
1110 2368 1161 2437 la-

141 2481 230 2571 tine,
248 2491 283 2552 et
300 2482 555 2574 experimentez
570 2504 613 2554 en
631 2483 663 2554 la
678 2481 914 2575 philosophie,
934 2491 968 2552 et
989 2501 1058 2570 que
1074 2500 1164 2550 nous

138 2601 283 2670 elirions
298 2610 331 2670 et
346 2601 582 2673 nommerions
604 2623 652 2672 un
670 2599 900 2690 cinqniesme,
929 2617 1018 2690 pour
1044 2597 1162 2668 visiter

140 2719 260 2791 lesdits
277 2719 397 2806 limes,
417 2726 496 2792 onir
515 2719 634 2791 lesdits
648 2718 692 2790 de
708 2718 823 2789 Govea
839 2725 873 2786 et
886 2716 1015 2787 Remus
1028 2737 1072 2786 en
1088 2717 1162 2786 leur

138 2837 240 2908 advis
260 2863 268 2907 :
293 2837 431 2909 suivant
452 2839 600 2929 laquelle
616 2845 734 2908 nostre
750 2836 973 2908 ordonnanee
989 2843 1065 2906 eust
1079 2835 1164 2906 ledit

138 2957 182 3029 de
202 2955 321 3026 Govea
345 2956 422 3026 eleu
447 2963 482 3026 et
507 2959 645 3026 nomme
670 2955 829 3026 maistres
853 2953 968 3024 Pierre
990 2954 1105 3024 Danes
1128 2964 1163 3025 et

137 3070 301 3160 Franpois
318 3074 337 3146 i
357 3069 618 3162 Vicomercato,
636 3077 671 3144 et
683 3071 768 3144 ledit
781 3071 910 3142 Ramns
923 3070 1063 3142 maistre
1078 3071 1160 3142 Jean

136 3193 307 3280 (tuentia,-
329 3193 475 3265 docteur
485 3213 529 3264 en
549 3193 684 3278 decret,
708 3201 744 3262 et
766 3191 851 3262 Jean
878 3190 922 3260 de
947 3190 1160 3276 Beanmont,

138 3311 283 3383 doctenr
305 3329 349 3382 en
372 3308 568 3398 medecine3
594 3317 628 3381 et
648 3329 738 3380 nons
760 3325 851 3402 pour
869 3308 901 3378 le
924 3306 1157 3396 cinqniesme‚

136 3431 295 3502 sussions
309 3433 447 3502 nomme
464 3439 498 3500 et
511 3430 668 3500 ordonne
687 3436 802 3498 nostre
821 3425 903 3496 cher
921 3432 955 3494 et
968 3418 1161 3497 bien-aime

136 3548 277 3620 maistre
291 3548 375 3619 tean
392 3546 436 3618 de
452 3547 630 3638 salignae,
649 3545 794 3617 doetenr
804 3565 846 3614 en
861 3541 1034 3633 theologie
1051 3568 1059 3611 :
1076 3565 1158 3635 par·

135 3668 265 3740 devant
283 3667 434 3758 lesquels
460 3666 580 3737 lesdits
605 3665 650 3736 de
674 3666 789 3735 Govea
813 3670 848 3736 et
869 3657 999 3733 Ramns
1020 3667 1159 3732 enssent

134 3789 208 3856 este
225 3792 303 3855 on'r's
330 3803 373 3853 en
395 3785 488 3854 leurs
512 3782 667 3874 disputes
686 3788 720 3850 et
744 3781 888 3866 debats,
905 3779 1052 3870 jnsqnes
1075 3777 1095 3848 a
1120 3797 1160 3846 ce

134 3919 204 3996 qne
231 3920 321 3996 pour
344 3897 571 3995 interrempre
591 3899 754 3987 l’affaire,
773 3898 886 3992 icelny
904 3897 1033 3968 Ramns
1049 3918 1086 3966 se
1101 3917 1156 3966 se-

135 4023 202 4092 roit
219 4024 319 4112 porte
336 4041 425 4112 pour
438 4023 601 4112 appelant
617 4016 748 4088 desdits
770 4036 951 4100 censeurs;
969 4014 1053 4084 dont
1068 4027 1158 4081 nons

135 4137 287 4208 advertis
303 4137 462 4208 enssions
477 4136 624 4206 decerne
639 4154 704 4204 nos
723 4135 838 4202 lettres
851 4132 871 4198 a
889 4137 1005 4196 nostre
1018 4128 1157 4218 prevost

134 4255 177 4324 de
197 4254 313 4342 Paris,
333 4276 378 4325 ou
395 4255 415 4326 a
432 4275 494 4326 son
516 4253 723 4337 lieutenant‚
743 4270 831 4342 pour
849 4245 1069 4317 contraindre
1087 4245 1157 4314 lese
