2916 5062
703 399 894 470 ...55-

288 564 341 633 vel
358 563 447 632 inter
459 561 547 633 bella
563 560 692 648 civilia,
706 561 761 632 vel
774 559 859 631 dnm
873 558 1015 632 lethales
1030 559 1252 630 inimieorum
1265 560 1327 628 in-

289 679 396 753 sidias
408 681 554 770 fugerat.
572 677 831 752 Mathematicus
846 685 881 750 et
893 676 1055 772 physicas
1071 685 1162 748 artes
1176 677 1325 768 reliqua

290 799 364 873 vita
380 799 508 886 eoluit,
531 806 566 870 et
583 797 678 868 omni
698 819 763 871 sna
785 797 1016 890 professione,
1040 803 1210 887 qnantum
1230 795 1323 866 data

290 927 343 990 est
362 913 546 1010 profitendi
564 915 688 1010 eopia,
715 917 898 1009 amplexus
919 923 992 1002 est,
1018 921 1167 1006 excepto
1193 913 1322 1004 aliquo

292 1038 457 1130 temporis
490 1035 603 1130 spatio
637 1035 735 1127 quod
763 1034 799 1109 in
830 1033 952 1106 ethicis
983 1032 1197 1104 illustrandis
1226 1053 1319 1104 oon·

295 1154 443 1246 sumpsit
469 1152 536 1250 (l).
1403 1141 1405 1143 ’

341 1271 469 1347 Habuit
483 1281 597 1344 tamen
611 1271 696 1342 tanti
710 1270 838 1344 laboris
852 1269 967 1342 socios
979 1269 1153 1362 quosdam
1164 1277 1201 1340 et
1217 1269 1320 1361 adju·

294 1401 407 1463 tores:
425 1391 593 1463 loannem
605 1391 748 1462 Poenam
761 1387 813 1484 (2)
826 1410 901 1460 snae
913 1369 1107 1480 disciplinae
1117 1388 1315 1478 alumnum,

293 1509 421 1580 deinde
433 1509 647 1581 Foroatelum
657 1505 711 1603 (3)
722 1559 732 1596 ,
742 1505 953 1578 Friderieum
968 1505 1169 1577 Reisnerom
1181 1505 1320 1577 Germa·

295 1649 392 1716 num,
406 1625 854 1716 ArnaldumqueOssatum,
865 1625 927 1716 qui
939 1624 1261 1716 Ramidisoipulus,
1283 1625 1316 1695 in

296 1743 543 1837 philosophicis
558 1751 593 1814 et
615 1740 865 1814 mathematicis
883 1743 1007 1814 studiis
1018 1743 1157 1833 adjutor
1173 1743 1207 1814 ei
1223 1764 1318 1836 saepe

297 1863 373 1932 luit.
391 1861 462 1932 Hos
480 1881 600 1932 omues
617 1881 681 1953 pro
697 1859 995 1932 submonitoribus
1010 1859 1179 1932 adhibuit.
1196 1861 1316 1950 ulmo,

298 1982 346 2051 ait
359 1981 434 2073 ipse
442 1981 589 2068 Remus,
607 1980 796 2052 nullnsluit
807 1980 842 2050 in
854 1977 1043 2053 Academia
1054 1979 1237 2052 Parisiensi
1247 2003 1322 2052 ma-

298 2099 491 2170 thematicis
518 2099 650 2170 artibus
675 2099 853 2189 eruditus,
885 2121 990 2190 quem
1014 2119 1087 2170 non
1117 2098 1321 2171 familiarem

300 2217 514 2308 charumque
524 2217 716 2288 habuerim.
736 2217 804 2290 Sed
820 2215 906 2309 quid
924 2216 1132 2288 Parisienses
1146 2215 1323 2306 adjutores

302 2333 556 2405 commemoro?
572 2334 685 2404 Nemo
698 2342 750 2404 est
769 2334 806 2403 in
823 2333 1018 2417 Britannia,
1040 2332 1241 2420 Germania,
1257 2333 1325 2406 lta-

301 2450 365 2538 lia,
384 2451 626 2523 mathematioo
643 2451 759 2524 studio
781 2453 971 2539 excellens,
992 2472 1095 2545 quem
1115 2471 1186 2521 non
1207 2452 1327 2524 animo

302 2576 337 2638 et
349 2568 525 2640 literarum
542 2589 701 2640 sermone
717 2568 861 2640 adierim
878 2565 981 2661 (4).»

353 2689 413 2759 His
434 2690 541 2780 igitur
564 2687 707 2774 studiis,
731 2687 787 2757 his
806 2687 1006 2774 laboribus,
1023 2695 1134 2758 tetum
1151 2687 1222 2757 lere
1244 2686 1326 2757 libe-

337 2999 371 3061 (i)
384 2999 463 3062 Opera
473 2997 545 3048 Remi
554 2999 741 3059 mathematica,
750 2997 862 3061 physiea,
874 2999 957 3050 ethim
966 2998 1031 3050 inira
1038 3003 1198 3049 recensentur
1209 3001 1236 3048 in
1248 2997 1332 3050 caim

306 3095 348 3146 ep.
362 3081 444 3132 Remi.

338 3167 375 3233 (2)
382 3167 436 3218 Vid.
447 3166 592 3217 tetmath.
602 3178 652 3217 see.
662 3164 800 3216 «Profiteor
808 3165 1005 3227 adintersatanti
1015 3165 1175 3216 laberismlhi
1187 3169 1212 3216 et
1222 3165 1330 3218 adfuisse

307 3259 332 3303 et
347 3253 446 3314 edesse,
464 3252 508 3302 sed
523 3251 594 3313 lenge
608 3250 656 3300 alia
673 3249 726 3312 lege
738 3254 812 3313 atque
822 3250 977 3311 sorditiem,
995 3263 1072 3313 quarn
1088 3251 1235 3300 convitiator
1247 3254 1331 3300 noster

308 3333 628 3400 lcarpent.)existinrat.lo·
638 3333 714 3382 Poena
726 3331 857 3397 imprimis,
870 3337 917 3383 ete.
931 3351 944 3377 ι
952 3333 988 3382 Ex
1001 3334 1041 3384 his
1051 3332 1122 3383 llami
1134 3333 1331 3396 uerbispetetlo.

309 3421 471 3481 Poenamejes
479 3420 619 3480 adjutorem
624 3430 675 3467 aon
686 3418 832 3478 magistrum
839 3416 925 3466 luisse.
934 3415 1060 3466 immerite
1067 3416 1329 3478 igitnruntffetssiert

310 3521 321 3546 ι
334 3503 426 3564 Veyez,
446 3505 539 3564 inquit,
551 3536 559 3551 .
570 3536 577 3552 .
590 3533 598 3550 .
616 3515 651 3552 uu
664 3513 766 3564 passage
781 3500 916 3551 deliramus
927 3498 1006 3564 (illud
1017 3502 1185 3563 nempeqned
1198 3501 1331 3561 nummip-

309 3583 410 3648 simus).
422 3584 509 3634 Atesi
520 3583 615 3634 Remus
629 3582 693 3633 aete
703 3583 847 3647 preeepteur
857 3584 889 3634 de
899 3584 977 3633 Poena
987 3584 1050 3632 dans
1060 3583 1096 3634 les
1107 3582 1298 3644 bellos-lettres,
1307 3584 1332 3632 et

310 3677 354 3713 sen
364 3663 466 3725 disciplo
475 3663 539 3711 dans
548 3663 584 3711 les
595 3661 817 3724 matbematiques,
832 3665 863 3713 de
877 3665 959 3714 meme
972 3676 1021 3726 que
1033 3664 1139 3725 latenas
1148 3663 1269 3713 Sterbaeus
1285 3675 1331 3725 ap·

311 3747 360 3809 prit
368 3746 404 3795 les
415 3745 614 3794 belles-lettresa
623 3743 723 3802 Fernel,
735 3746 777 3806 qui
790 3745 825 3793 lui
839 3747 956 3805 enseiena
966 3745 1001 3795 les
1013 3743 1230 3806 mathematheas.
1241 3732 1334 3804 »Elea

312 3829 355 3879 des
369 3829 484 3879 hommes
495 3831 610 3887 muana,
621 3831 640 3877 t.
655 3826 691 3885 ll,
706 3831 753 3876 art.
766 3827 877 3878 Remus.
892 3828 920 3878 ln
933 3840 963 3878 eo
974 3831 1059 3878 autem
1074 3840 1090 3877 a
1106 3827 1247 3878 deotissime
1258 3827 1333 3890 Baelo

312 3911 344 3975 (1.
361 3912 395 3974 o.)
408 3913 465 3972 jure
479 3909 668 3973 reprehenditur
681 3910 795 3960 Telesier.
811 3909 849 3959 Gt.
861 3910 975 3972 Naucel,
987 3912 1014 3959 in
1026 3909 1098 3959 ltumi
1109 3911 1177 3970 vita,
1194 3923 1223 3974 p.
1236 3911 1267 3959 ii
1278 3921 1336 3971 sqq.

316 4014 328 4040 u
344 3995 388 4046 ilis
407 3995 589 4046 mathematnm
607 4007 657 4048 non
671 3995 815 4045 doctoribus
831 3994 948 4057 quidem,
966 3995 1009 4046 sed
1026 3994 1203 4058 cendisoipalis
1221 4005 1281 4044 usus
1297 3997 1337 4044 est

314 4079 420 4139 hamus,
438 4099 449 4124 ι
462 4093 488 4143 p.
500 4083 541 4129 27.
718 4131 723 4141 ,
1084 4083 1090 4094 “

346 4164 380 4228 (3)
394 4166 428 4214 lle
439 4164 579 4225 Ferratele,
594 4165 645 4213 vid.
658 4163 797 4222 llentuela,
811 4163 864 4212 te.

271 4317 276 4327 Ι
346 4247 381 4308 (t)
392 4247 603 4298 totnmthemat.
614 4259 664 4296 sse.
676 4245 712 4295 ot.
727 4247 816 4306 irata..
829 4259 855 4308 p.
864 4247 904 4306 29,
917 4248 960 4303 tto,
973 4244 1086 4304 Nanoel,
1095 4257 1121 4308 p.
1133 4246 1181 4304 25,
1198 4246 1241 4294 26.
