2916 5062
541 431 733 500 „27-

122 592 281 663 versinus
315 591 338 659 il
375 591 548 684 reprenuit
562 623 564 630 ⁴
578 589 746 683 Aristotel,
784 589 886 666 estoit
919 592 1148 670 evidemment

122 715 260 780 conniis
282 716 318 779 ot
333 708 513 780 manifeste
532 731 596 780 sou
612 709 811 802 ignorenue.
832 713 936 784 Voire
950 715 1035 805 qu'il
1054 718 1149 788 avuit

124 825 302 898 mauvaise
329 826 488 914 volonno,
518 828 563 898 de
587 835 661 897 tant
687 830 773 920 qu'il
801 830 962 901 blasmoit
977 834 1151 924 plusieurs

124 945 248 1016 choses
262 945 323 1035 qui
337 946 609 1018 sontbonueset
623 948 824 1039 venientes,
846 959 880 1020 et
900 951 1033 1022 molluit
1048 955 1148 1023 susi

123 1062 275 1134 Aristote
286 1064 459 1157 plusieurs
473 1063 596 1136 choses
612 1065 632 1136 u
647 1087 743 1162 quoy
759 1066 782 1136 il
802 1089 845 1138 ne
858 1089 965 1162 pensa
976 1091 1145 1162 unuques.

124 1183 166 1250 lit
182 1203 228 1252 en
244 1202 376 1253 summe
402 1203 446 1253 ne
463 1185 640 1255 contenuit
667 1187 784 1259 sondit
802 1189 887 1261 livre
909 1190 971 1260 des
985 1188 1148 1260 Animad-

124 1299 282 1370 versiuns
299 1322 369 1393 quo
384 1309 464 1372 tous
478 1323 704 1394 mensonges,
728 1315 762 1376 et
777 1329 845 1378 unu
857 1306 1010 1377 muniere
1022 1305 1067 1377 de
1081 1311 1149 1378 rne-

124 1418 221 1505 dire‚
243 1419 416 1490 tellement
435 1421 520 1512 qu’il
538 1421 699 1492 sembloit
713 1432 802 1495 estre
825 1425 857 1496 le
878 1425 989 1516 grand
1010 1425 1091 1496 bien
1114 1436 1151 1497 et

124 1539 230 1633 profit
247 1541 308 1611 des
328 1543 444 1612 lettres
468 1549 502 1612 et
518 1541 690 1632 soisnres,
712 1564 781 1634 que
802 1531 885 1614 ledit
908 1544 994 1614 livre
1014 1543 1084 1614 lust
1102 1543 1149 1616 du

125 1668 201 1730 tout
219 1660 397 1752 supprime
416 1683 424 1729 t
443 1661 725 1732 semblablement
747 1661 871 1735 l’autre
893 1662 1016 1734 dessus
1033 1663 1084 1733 dit
1100 1663 1151 1732 in·

128 1779 226 1849 litule
241 1780 429 1850 Dialectinoe
447 1784 682 1869 institutiones,
701 1803 836 1852 nomme
849 1789 1035 1853 contenent
1058 1781 1151 1854 aussi

126 1898 300 1989 plusieurs
319 1898 441 1969 choses
456 1900 589 1969 inusses
609 1905 644 1970 et
664 1903 836 1991 otranges.
858 1901 1001 1988 Suavoir
1023 1901 1152 1972 laisons

126 2037 199 2106 qne
218 2037 284 2085 ven
309 2037 374 2108 par
396 2037 486 2087 nous
512 2017 595 2088 ledit
619 2018 737 2106 eduis,
761 2027 795 2089 et
819 2041 863 2090 eu
890 2041 950 2090 sur
976 2039 1016 2090 ue
1037 2027 1152 2090 autres

126 2133 227 2203 advis
244 2141 278 2204 et
296 2133 540 2204 deliberations
562 2155 647 2204 avec
671 2135 842 2227 plusieurs
861 2157 1008 2223 sparsus
1028 2146 1063 2206 et
1086 2157 1152 2206 no-

13 2287 15 2314 ;
126 2252 236 2322 tables
250 2272 484 2344 personnuges
496 2260 611 2324 estuns
623 2255 677 2324 les·
687 2275 776 2325 nous
789 2306 798 2344 ,
812 2276 922 2326 avons
936 2255 1148 2345 eundumne,

13 2361 15 2396 ²
126 2371 351 2464 supprimunt
363 2370 489 2464 aboly,
508 2371 768 2463 condamnons‚
787 2375 1009 2468 supprimous
1023 2383 1058 2444 el
1071 2373 1152 2444 abu-

13 2509 15 2538 t
127 2491 253 2560 lissuns
275 2489 393 2561 lesdits
421 2489 516 2560 deux
537 2489 662 2580 livreS,
691 2492 763 2562 l'un
783 2495 1006 2564 institutiones
1030 2491 1150 2561 dialec-

126 2613 220 2694 ticoe‚
248 2608 371 2677 l'autre
397 2607 612 2680 Aristotelicas
635 2609 952 2695 animaduersiones,
982 2616 1016 2676 et
1043 2627 1153 2678 avons

127 2727 188 2796 init
197 2733 233 2796 et
243 2725 583 2797 luisonsinhihitions
598 2735 632 2797 et
644 2727 801 2798 tielenses
814 2727 834 2797 ὲ
845 2735 923 2797 tons
935 2724 1153 2819 imprimeurs

130 2854 164 2915 et
180 2845 342 2915 libraires
361 2845 405 2916 de
430 2851 529 2915 notre
552 2867 738 2940 royaume,
760 2867 867 2940 pays,
901 2855 1008 2917 terres
1031 2854 1065 2916 et
1090 2846 1154 2917 sei-

130 2965 312 3054 gneuries,
328 2964 393 3036 eti
406 2972 485 3035 tuus
497 2986 562 3035 uus
575 2974 692 3036 autres
705 2966 832 3055 sujets,
849 2966 892 3036 de
904 2966 1057 3056 quelque
1067 2973 1154 3036 estut

130 3104 175 3153 ou
194 3081 392 3153 conditions
405 3083 509 3174 qn'ils
527 3083 657 3168 soient,
677 3083 781 3175 qu'ils
801 3079 940 3178 n’ayent
956 3081 1033 3176 plus
1049 3083 1069 3153 ti
1087 3083 1151 3153 im·

131 3201 258 3293 primer
275 3221 322 3270 ou
337 3200 422 3270 loire
445 3200 622 3293 imprimer
639 3201 758 3272 lesdits
780 3201 903 3288 livres,
927 3221 971 3270 ne
991 3200 1128 3292 publier
1141 3245 1153 3286 ‚-

131 3317 282 3399 vendre‚
299 3333 343 3386 ne
357 3318 489 3388 debitor
505 3340 547 3388 en
562 3317 696 3390 nosdits
707 3339 893 3412 ruptone,
917 3339 1025 3410 pays,
1049 3323 1155 3386 terres

133 3442 166 3504 et
183 3434 416 3525 seigneuries,
437 3457 520 3507 sous
539 3437 640 3530 peine
656 3436 700 3508 de
721 3435 944 3506 confiscation
965 3428 1097 3506 desdlts
1111 3427 1158 3506 li·¹

133 3571 231 3641 ures,
247 3563 281 3622 et
297 3553 341 3624 tle
359 3555 516 3646 punition
533 3557 743 3648 eorporelle,
759 3557 827 3624 soit
841 3547 945 3645 qu'ils
962 3553 1074 3625 soient
1097 3553 1156 3623 iun

135 3672 264 3762 primez
281 3691 325 3742 en
341 3671 443 3742 iueux
465 3694 530 3744 nos
551 3691 744 3768 ruptione,
767 3693 874 3767 pays,
904 3681 1012 3744 terres
1035 3680 1070 3742 et
1094 3667 1162 3742 seias

135 3789 295 3878 guenries
312 3810 357 3859 ou
372 3799 491 3861 autres·
504 3790 598 3860 lieux
613 3811 683 3861 non
702 3799 831 3861 estonts
847 3790 892 3862 de
906 3799 1022 3860 nostre
1036 3789 1157 3884 ubeys

134 3927 238 3978 sance
256 3913 315 3977 tet
333 3909 616 3986 semblablemeul
633 3909 730 3979 audit
746 3909 875 3979 liumus
892 3909 936 3982 de
951 3931 994 3980 ne
1005 3910 1082 4000 plus
1094 3907 1157 3976 lire

135 4025 254 4096 lesdits
271 4025 397 4115 liures,
419 4049 462 4097 ne
478 4029 528 4098 les
551 4027 635 4098 loire
653 4028 762 4098 ourire
775 4050 820 4098 ou
843 4028 978 4119 copier,
998 4023 1158 4117 publiers

136 4163 303 4214 uesemer
322 4167 365 4216 en
383 4167 519 4218 aucune
539 4136 707 4235 muniere,
730 4168 772 4216 ne
794 4145 854 4214 lire
881 4165 923 4214 en
951 4141 1163 4235 dialectique

15 4321 16 4330 2
138 4279 180 4328 ue
194 4261 413 4355 philosophie
425 4281 467 4334 on
488 4264 639 4355 quelque
655 4262 808 4349 muniere
823 4281 893 4352 que
909 4281 948 4330 oe
966 4259 1057 4346 soit,
1078 4281 1163 4332 sans
