2916 5062
544 417 737 486 -13...

107 579 255 670 judices
280 583 396 646 autem
415 581 449 643 et
471 573 648 646 auditores
665 576 884 648 vehementer
901 597 1145 652 commoveret.

115 700 221 767 Tunc
236 696 328 766 enim
353 702 550 784 stupescere
572 694 743 786 magistri,
763 717 871 787 quum
895 697 1034 769 nomine
1055 697 1150 768 Aris-

121 817 238 889 totelis
253 827 420 906 tanquam
437 823 537 885 scuto
554 835 630 884 sese
645 813 812 886 adversus
826 836 945 888 omues
960 817 1050 888 ictus
1070 841 1149 911 pro

123 946 242 1024 tegere
267 929 537 1001 consuevissent.
566 931 660 1000 Tunc
685 951 805 1010 omnes
829 932 1061 1024 peripatetici,
1089 937 1150 1026 qui

122 1052 272 1122 Lutetiae
300 1049 462 1137 aderent,
490 1050 619 1121 irruere
643 1059 677 1120 et
702 1049 802 1141 quasi
823 1051 988 1143 impetum
1013 1053 1147 1140 faeere,

123 1169 187 1240 sed
203 1171 351 1256 frustra,
373 1168 483 1259 utqui
501 1166 695 1261 philosophi
714 1168 954 1240 auctoritatem
968 1170 1033 1242 sibi
1049 1192 1148 1264 orep·

125 1299 198 1360 tam
214 1286 383 1358 viderent.
409 1285 508 1356 lrrito
530 1285 637 1377 igitur
653 1297 780 1358 oouatu
797 1309 858 1379 per
876 1287 967 1358 diem
981 1289 1151 1379 integram

126 1408 407 1501 Mapistruadum‚
436 1415 474 1490 ut
496 1405 645 1476 barbare
669 1405 858 1492 vocabant,
879 1416 1149 1498 oppugnaruut;

126 1524 347 1617 quiquidem
370 1532 466 1594 tanta
482 1524 518 1593 in
537 1522 781 1615 respondendo
802 1521 980 1592 alacritate
994 1523 1152 1614 ingenio-

127 1665 198 1734 que
212 1665 295 1713 usus
306 1649 370 1728 est,
384 1649 419 1710 ut
434 1641 597 1732 magister
609 1640 734 1710 artium
746 1660 874 1730 magno
889 1661 969 1711 oum
981 1641 1151 1734 applausu

127 1764 240 1832 lactus
262 1760 376 1832 luerit.
399 1761 455 1828 ux
473 1759 540 1830 hoc
564 1758 705 1828 fortuito
725 1779 888 1828 successu
913 1779 1034 1828 ansam
1055 1759 1153 1830 dein-

126 1903 210 1975 ceps
219 1880 310 1952 serio
322 1888 356 1950 et
366 1879 474 1950 libere
485 1877 520 1948 in
530 1876 748 1948 Aristotelem
761 1875 1023 1969 Aristoteleque
1035 1879 1153 1952 simias

127 1997 426 2072 animadvertendi
450 2007 485 2066 et
511 1996 708 2088 inquirendi
735 1996 901 2088 arripuit3
934 1997 1153 2090 logicamque

129 2119 307 2214 praecipue
324 2127 490 2208 tanquam
513 2116 776 2188 instrumentum
796 2116 1008 2208 reliquarum
1026 2117 1152 2188 artium

128 2237 284 2331 expolire
299 2246 333 2306 et
353 2258 373 2306 a
390 2233 549 2325 rubigine
563 2234 709 2304 liberare
722 2233 866 2305 instituit
880 2233 946 2329 (l).

178 2355 322 2426 Difficile
348 2361 400 2424 est
425 2352 559 2424 efficere
586 2360 623 2420 ut
648 2351 727 2442 quis
749 2352 916 2446 intelligat
939 2363 1154 2448 quantopere

129 2473 239 2545 nostri
264 2469 459 2565 philosophi
482 2468 630 2541 audacia
649 2471 812 2542 commoti
831 2491 952 2542 omnes
973 2473 1104 2562 ubique
1119 2483 1153 2542 et

130 2590 269 2664 attoniti
281 2589 416 2659 luerint.
434 2588 527 2658 lllius
539 2587 630 2658 enim
642 2587 861 2680 paradoxum
879 2585 995 2678 (quod
1011 2588 1153 2678 quidem

130 2709 259 2801 etipse
276 2715 395 2799 postea
412 2705 510 2776 haud
526 2706 629 2774 semel
647 2724 711 2797 pro
729 2702 910 2796 paradoxo
927 2703 1070 2800 habuit)
1093 2728 1154 2798 per

131 2850 254 2900 omnes
269 2826 390 2898 Galliae
406 2823 603 2896 academias
617 2823 855 2914 divulgatum,
873 2825 1033 2917 ultraque
1051 2823 1155 2919 Alpes

131 2954 385 3034 transvectum,
400 2944 484 3038 ipsis
495 2943 603 3014 ltaliae
615 2943 829 3037 philosophis
840 2952 1016 3037 stuporem
1025 2944 1153 3037 injecit.

133 3068 238 3158 Cujus
255 3065 335 3138 lacti
350 3065 395 3136 sit
406 3064 503 3136 testis
515 3062 713 3134 Alexander
726 3063 912 3154 Tassonius
924 3074 1044 3156 poeta,
1059 3067 1158 3156 cujus

132 3185 241 3256 verba
261 3183 339 3255 talia
357 3191 462 3253 sunt:
488 3205 506 3248 (ι
532 3180 595 3250 Pit
613 3179 765 3264 audace,
788 3179 920 3270 inquit,
942 3182 977 3252 lu
1000 3183 1034 3252 la
1048 3203 1157 3275 prova

135 3300 171 3372 di
187 3300 301 3372 Pietro
317 3301 444 3387 llamo,
461 3307 583 3370 autore
595 3319 656 3391 per
673 3298 760 3371 altro
779 3317 868 3391 poco
880 3296 996 3387 dequo
1009 3279 1159 3367 d’esserc

135 3417 326 3488 nominato.
354 3416 472 3502 Questi
497 3414 660 3487 doveudo
687 3413 839 3485 secondo
865 3415 953 3483 l'uso
982 3413 1018 3484 di
1045 3413 1158 3506 Parigi

136 3542 291 3606 sostener
309 3533 522 3605 conclusioni
537 3533 648 3626 prima
669 3531 731 3602 ohe
746 3532 837 3600 losse
856 3540 971 3602 creato
985 3540 1156 3622 maestro,

136 3675 199 3746 per
220 3653 366 3724 bizarria
386 3653 594 3744 d’ingegno,
624 3671 773 3745 propose
794 3659 916 3742 questa
940 3653 1015 3722 sola
1032 3674 1053 3723 a
1070 3673 1158 3743 qua·

136 3775 268 3864 lunque
284 3774 420 3844 volesse
443 3779 704 3862 argomentare,
730 3769 848 3840 dando
869 3769 977 3842 libero
997 3793 1120 3865 campo
1139 3795 1160 3843 a

137 3891 215 3961 tutti
231 3917 239 3960 :
262 3893 481 3982 Quaecumque
496 3891 537 3960 ub
551 3888 722 3960 Aristotele
734 3878 818 3959 dictu
832 3893 915 3974 sint,
923 3890 1015 3983 fulco
1031 3906 1063 3960 et
1075 3915 1164 3960 corrr-

169 4205 204 4271 (1)
220 4207 341 4272 Frclg.‚p.
355 4207 498 4266 ¹0;Tneod.
512 4207 691 4268 zungun-‚Tu
702 4207 772 4254 num.
786 4207 852 4263 vite,
864 4202 962 4264 vollll,
974 4203 992 4252 l.
1004 4203 1042 4258 lll,
1055 4216 1080 4267 p.
1093 4210 1162 4270 llll,

139 4290 186 4338 ool.
201 4289 226 4338 b.
