2912 5066
661 369 879 446 -ldh-

273 549 358 600 sune
380 547 470 620 opus
487 527 597 614 loret;
624 537 703 600 sunt
725 536 840 598 tamen
866 547 1015 617 quorum
1038 526 1181 598 nomina
1204 525 1289 598 omi·

270 646 358 718 sisse
372 667 518 718 summas
539 646 675 738 injuriae
690 653 779 718 esset
798 642 863 738 (l).
889 645 981 714 Inter
997 665 1088 734 quos
1104 645 1291 717 doctissimi

271 761 336 832 viri
365 761 632 832 inclaruerunt:
659 763 694 833 in
717 760 898 855 gymnasio
923 759 1153 830 Tremoniano
1178 759 1293 831 Fride·

272 879 364 950 dous
398 878 638 964 Beurbusius;
673 880 708 948 in
742 877 949 949 Corbacensi
984 877 1104 947 schola
1137 875 1294 948 Adamus

270 994 490 1082 Scribonius,
521 1003 642 1066 auctor
675 997 842 1088 Triumphi
870 995 984 1088 loptcoe
1020 999 1173 1074 Romam
1202 993 1292 1064 inter

271 1107 535 1200 lianoveranos,
560 1111 665 1184 lleizo
690 1111 906 1198 Buscherus3
932 1111 1020 1206 inter
1039 1110 1294 1200 Goettingenses

274 1228 454 1300 Conradus
478 1228 669 1302 lloddaeus.
698 1229 736 1299 ln
756 1227 845 1300 lulla
861 1226 1062 1299 Helmstadii
1080 1225 1290 1312 Academia,

224 1370 229 1380 ·
274 1347 334 1418 ubi
347 1347 571 1440 peripatetica
583 1346 740 1418 doctrina
750 1345 927 1438 praecipue
938 1345 1096 1436 vigebat,
1109 1365 1173 1437 pro
1186 1345 1294 1416 llamo

271 1465 439 1538 acerrime
470 1465 660 1538 decertavit
697 1464 826 1558 Caspar
856 1463 1083 1551 Plaffradius,
1124 1463 1185 1554 qui
1216 1482 1294 1534 cum

272 1578 454 1674 Henningo
468 1582 733 1669 Rennemanno,
754 1579 966 1652 llrlordiensi
980 1581 1196 1673 professore,
1214 1600 1295 1650 con·

274 1699 441 1770 sulendus
468 1707 521 1770 est
546 1700 591 1770 de
618 1698 861 1769 controversiis
888 1699 1025 1768 Rameis
1049 1697 1084 1767 in
1113 1697 1295 1768 Germania

274 1813 423 1904 agitatis.
440 1813 617 1906 Marpurgi
631 1813 861 1908 Hieronymus
873 1814 1089 1903 Treutlerus,
1105 1813 1295 1906 Hemburgi

273 1931 423 2000 lacobus
449 1929 638 2002 lieneccius
658 1937 694 2000 et
715 1939 795 2023 post
809 1951 888 2000 eum
910 1929 1095 2001 Severinus
1115 1931 1292 2018 Sluterus,

273 2048 422 2120 Lubeoae
446 2048 644 2119 Joachimus
665 2048 815 2122 Hansius
835 2070 899 2141 pro
924 2049 1033 2120 Ramo
1057 2049 1235 2130 steterunt.
1256 2050 1294 2118 ln

274 2164 461 2238 Academia
484 2175 600 2238 autem
621 2166 787 2260 Lipsiensi
810 2175 927 2236 motus
946 2166 1042 2237 haud
1059 2168 1153 2237 leves
1178 2167 1294 2237 conci·

274 2283 360 2356 iuvit
371 2285 499 2354 llamca
517 2284 710 2356 dialectica.
727 2285 840 2368 Quum
857 2282 948 2354 enim
961 2283 1155 2354 calvinismi
1166 2284 1296 2356 semina

273 2399 480 2472 inealatere
492 2404 621 2473 elector
633 2400 1075 2494 Saxoniacaperipateticis
1088 2403 1292 2494 accepisset,

273 2517 422 2590 Ioannes
435 2526 549 2590 autem
565 2519 764 2608 Cramerus,
779 2517 986 2588 Aristotelici
1000 2518 1124 2608 organi
1136 2519 1296 2611 publicus

276 2634 414 2724 doctor,
443 2639 606 2709 Rameam
638 2636 831 2709 doctrinam
862 2634 1015 2706 abnuere
1041 2646 1235 2721 recusaret,
1267 2637 1297 2706 is

274 2773 416 2822 munere
434 2775 499 2826 suo
516 2773 608 2827 anno
624 2755 760 2828 MDXCI
775 2761 902 2825 exutus
915 2761 984 2843 est,
1000 2762 1034 2824 et
1052 2777 1071 2819 a
1087 2752 1307 2842 quicumque.

272 2867 308 2935 in
332 2889 373 2936 ea
400 2868 586 2942 Academia
616 2871 890 2964 professionibus
917 2870 1066 2964 publicis
1090 2869 1157 2940 frui
1179 2869 1297 2962 cupie-

272 2984 374 3074 bant,
393 2985 558 3077 singulari
584 2987 781 3082 syngrapha
804 2989 1003 3081 promittere
1021 2987 1110 3079 jussi
1129 2996 1229 3074 sunt,
1256 3010 1294 3058 se

273 3104 365 3174 nolle
390 3103 578 3196 quicquam
602 3105 760 3194 tradere,
785 3106 882 3201 quod
908 3127 929 3176 a
952 3106 1172 3200 philosophia
1196 3104 1289 3176 Aris·

273 3223 386 3293 tutelis
409 3222 453 3294 sit
478 3223 627 3294 alienum
647 3220 710 3317 (2).
734 3247 751 3290 »
778 3223 846 3294 Sed
867 3223 905 3292 in
926 3223 1003 3293 aliis
1026 3223 1290 3315 protestantium

271 3337 467 3412 Academiis
499 3341 625 3411 Remea
663 3337 866 3433 disciplina,
896 3339 975 3410 licet
1000 3341 1117 3411 varias
1145 3341 1291 3411 fortunae

270 3455 364 3526 vices
380 3465 545 3549 experta,
564 3458 702 3530 emersit
726 3467 861 3546 tamen,
880 3466 918 3526 ut
937 3479 984 3528 ex
1007 3458 1209 3529 indubitatis
1226 3467 1291 3528 tes·

270 3569 421 3641 timoniis
437 3580 582 3642 constat·
607 3575 664 3642 Sic
686 3573 721 3642 in
737 3575 911 3646 leucorea
929 3571 1136 3659 Academia,
1162 3574 1198 3643 in
1214 3571 1289 3643 Alt-

268 3685 403 3757 dorfina
428 3685 547 3758 schola
576 3689 753 3760 invaluere
779 3701 894 3784 partes
922 3691 1044 3779 Romi,
1076 3693 1227 3782 itemque
1254 3692 1289 3761 in

266 3802 355 3873 Julia
380 3802 580 3874 Helmstadii
604 3802 814 3896 Academia,
832 3807 1080 3898 adjuvantibus
1104 3815 1182 3899 post
1199 3806 1288 3875 Frei-

296 4094 330 4156 (1)Ι
346 4099 381 4149 Ila
393 4102 484 4161 qulbus
498 4101 548 4150 vid.
563 4101 689 4162 bracket..
704 4103 764 4151 ibid.

295 4181 328 4239 (tl
347 4181 474 4241 bruchen,
488 4185 503 4234 l.
518 4198 540 4232 c,
