2912 5066
12 4311 18 4360 l

524 393 742 503 -rnrss

122 598 266 690 quando
293 597 348 667 bis
372 596 529 686 sequitur
556 596 630 666 sive
651 591 849 667 attribuitur
873 594 954 692 (l);
989 596 1144 684 tertiam,

123 716 267 808 quando
280 714 416 786 medius
427 715 593 784 terminus
605 715 640 784 in
654 715 890 807 propositione
903 717 1096 801 antecedit,
1111 723 1146 786 et

125 837 159 906 in
174 833 410 926 assumptione
424 832 628 904 affirmatum
645 833 801 924 sequitur
808 835 872 924 (2).
884 834 923 904 ln
937 855 1148 926 unaquaque

127 952 239 1044 figura
254 952 379 1022 modos
390 950 569 1042 generales
577 951 680 1039 duos,
691 952 858 1045 speciales
869 951 972 1040 duos,
987 953 1149 1046 proprios

127 1070 230 1140 etiam
250 1069 340 1141 duos
357 1067 549 1159 distinguit.
569 1069 656 1139 Sunt
674 1069 791 1160 igitur,
808 1071 838 1141 si
854 1071 963 1141 Ramo
981 1070 1146 1156 creditur,-

127 1186 367 1277 duodeviginti
390 1185 555 1278 simplicis
576 1186 766 1281 syllogismi
785 1187 901 1277 modi,
915 1207 1064 1277 quorum
1083 1207 1148 1255 nos·

127 1328 208 1376 vem
231 1306 417 1392 affirmant,
440 1325 565 1376 novem
597 1315 716 1375 contra
743 1314 883 1396 negant.
914 1304 1150 1397 compositum

128 1446 213 1497 vero
222 1423 459 1520 syllogismum
477 1424 618 1494 minime
626 1423 771 1508 omittit;
790 1445 894 1516 quem
906 1424 941 1493 in
952 1445 1150 1494 connexum

130 1554 164 1616 et
181 1544 391 1634 disjunctum
410 1543 549 1632 dividit,
572 1543 732 1635 duosque
747 1545 870 1636 hujus,
892 1552 1042 1635 quatuor
1061 1543 1152 1614 illius

131 1664 255 1736 modos
289 1665 462 1754 eleganter
493 1663 684 1756 descriptos
709 1663 897 1757 exemplis,
932 1671 970 1733 ut
1000 1662 1153 1754 reliquas

134 1782 325 1854 dialecticae
344 1790 479 1874 partes,
498 1781 657 1852 illustrat.

182 1899 402 1988 Methodum,
440 1899 516 1970 sive
560 1900 819 1971 ratiociniorum
852 1901 1152 1989 consecutionem,-

137 2023 293 2090 doctrinoe
312 2028 372 2088 aut
399 2021 581 2112 prudentiae
602 2041 678 2090 esse
699 2019 865 2108 affirmat,
881 2029 986 2110 atque
1001 2019 1048 2089 ita
1067 2017 1153 2090 deli·

137 2136 212 2206 nit':
235 2160 252 2202 (ι
271 2136 458 2207 Dianoeam
484 2133 662 2206 variorum
687 2137 901 2228 axiomatum
924 2137 1155 2229 homogeneo·

138 2275 214 2323 rum
228 2275 291 2347 pro
301 2263 435 2326 naturae
444 2277 518 2326 suae
531 2251 686 2328 claritate
699 2256 969 2349 propositorum,
985 2257 1079 2328 unde
1088 2277 1157 2327 om·

139 2373 234 2443 nium
259 2373 402 2446 interce
430 2370 669 2446 convenientia
689 2376 887 2466 judicatur,
921 2376 1159 2467 memoriaque

140 2492 441 2584 comprehenditur
459 2491 529 2588 (3).
549 2517 567 2561 ι)
584 2493 635 2564 lta
660 2503 775 2565 autem
802 2492 1003 2564 methodum
1027 2493 1159 2564 institui

136 2609 250 2698 jubet,
269 2617 309 2678 ut
325 2609 556 2682 universalius
569 2610 740 2703 primum,
758 2609 884 2682 deinde
897 2609 1011 2680 minus
1025 2609 1160 2680 univer*

141 2729 212 2799 sale
229 2735 414 2818 tractetur,
435 2730 523 2800 adeo
541 2737 581 2799 ut
600 2729 805 2820 gradatima
823 2729 974 2800 maxime
990 2728 1160 2820 generali·

142 2847 227 2935 bus,
245 2870 308 2942 per
324 2849 545 2936 subalterna,
566 2848 613 2919 ad
630 2849 782 2920 maxime
798 2848 959 2944 specialia
979 2849 1160 2942 pervenia-

142 2973 198 3034 tur
216 2962 285 3059 (l).
306 2965 364 3037 Sic
376 2966 466 3036 enim
484 2987 505 3036 a
521 2966 613 3038 facili
636 2965 682 3038 ad
702 2966 858 3054 difficile,
875 2988 896 3036 a
914 2966 1099 3060 'perspicuo
1117 2965 1163 3036 ad

143 3085 325 3157 obscurius
336 3094 485 3156 mentem
498 3086 626 3158 sensim
643 3086 771 3159 deduci
784 3080 963 3156 contendit
976 3081 1044 3180 (5).
1064 3085 1166 3154 Hunc

175 3449 185 3512 (
190 3450 211 3512 1)
227 3449 286 3499 lieo
294 3453 332 3500 est
347 3450 457 3500 secunda
471 3450 537 3515 apud
551 3449 706 3500 Aristotelem
716 3448 820 3510 rigum
831 3450 857 3498 ln
867 3460 917 3509 qua
932 3458 989 3496 curu
1002 3445 1100 3496 medius
1113 3449 1166 3496 ter·

144 3533 230 3581 minus
240 3531 279 3580 bis
287 3543 332 3594 pro
340 3531 460 3582 attributo
473 3537 603 3592 sumatur,
619 3531 738 3581 alterutra
746 3532 931 3604 praemlmnrnm
942 3529 1057 3591 negative
1067 3526 1112 3578 liet
1126 3540 1168 3579 ne·

143 3625 212 3664 cesse
225 3619 271 3664 est.

176 3695 212 3760 (2)
224 3696 280 3747 llaec
293 3701 347 3747 erat
356 3699 435 3760 prime
447 3699 513 3762 epnd
527 3699 602 3749 Arist.
611 3698 835 3763 figurueliaesendo
843 3703 963 3762 auctora,
973 3717 986 3742 e
996 3699 1059 3750 duas
1068 3703 1168 3750 tentum

146 3777 238 3842 ligurus
248 3777 379 3844 protribus
391 3777 552 3832 Arl'stotelicls
566 3779 624 3832 lacit
635 3781 768 3848 (Remus).
784 3783 844 3833 rlle
858 3783 906 3845 log.
919 3785 981 3845 orig.
997 3788 1024 3834 et
1039 3795 1093 3834 var.
1107 3797 1129 3833 c.
1143 3797 1171 3841 οι

147 3865 176 3914 ln
186 3867 311 3928 putremn
323 3867 391 3916 eninr
406 3865 545 3916 dialectice
559 3866 618 3918 edit
635 3865 729 3918 Remus
745 3870 845 3918 tertiam
858 3867 944 3930 syllog.
959 3867 1081 3928 liguram,
1099 3866 1168 3915 nulla

147 3947 309 4010 explicatione
324 3950 448 4012 adhibite,
464 3950 538 4000 tollit.

180 4031 215 4094 (3)
225 4033 327 4084 Dialect.
341 4035 409 4095 (edit.
426 4035 504 4096 1556),
513 4034 557 4084 lib.
568 4035 599 4096 ll,
607 4048 630 4098 p.
643 4037 685 4084 ill
696 4048 749 4098 sqq.

178 4119 210 4176 (l)
219 4117 302 4167 Schol.
312 4117 385 4177 dial„
398 4119 404 4168 l
423 4119 464 4180 lll,
476 4119 721 4182 pasa.;scltol.rlret.‚
732 4119 749 4168 l.
761 4118 811 4176 xv,
822 4117 869 4168 col.
881 4115 981 4179 itidled.
997 4117 1075 4176 illitu
1086 4115 1173 4166 Sclrot

148 4199 229 4261 phys,
243 4201 261 4250 l.
275 4201 318 4262 lll,
329 4203 376 4251 col.
389 4205 450 4262 8²9³
464 4203 577 4264 dialect,
590 4202 659 4256 ibid..
671 4216 695 4264 p.
714 4203 768 4252 atu.
780 4199 818 4251 ol.
828 4198 964 4258 demand,
974 4198 991 4248 l.
1003 4211 1024 4246 c.

178 4284 212 4348 tt)
226 4285 343 4349 lllalcct,
357 4287 399 4338 lib.
410 4288 440 4346 ll,
452 4301 478 4351 p.
487 4291 541 4348 tiit,
557 4290 613 4338 llll
