2912 5066
680 405 899 474 -leo-

281 575 391 650 παντός
409 567 448 636 de
472 567 585 652 omni,
613 562 766 636 secundo
791 554 935 636 καθἀὑτὸ
955 587 1016 654 per
1034 585 1069 632 ce
1088 563 1162 632 sive
1181 561 1301 632 homo·

284 705 450 776 geneum,
472 684 573 754 tertio
595 689 725 756 καθόλου
742 696 871 775 πρῶτον,
893 681 1122 752 universaliter
1139 687 1302 774 primum,

283 799 352 872 hoo
374 808 448 887 est,
477 798 524 870 ita
547 806 587 868 ut
607 796 814 868 antecedens
837 804 876 866 et
900 816 1117 886 consequens
1144 795 1308 866 affirmari

283 916 327 988 de
360 936 399 986 se
434 915 611 1007 reciproce
643 913 787 1006 possint.
824 913 978 996 Quarum
1011 913 1126 1003 legum
1159 913 1311 1004 primam

283 1031 456 1119 veritatis,
477 1030 667 1102 secundam
686 1029 853 1121 justitiae,
883 1027 1016 1100 tertiam
1040 1025 1218 1120 sapientiae
1241 1047 1309 1118 ap-

285 1149 388 1243 pellat
400 1151 465 1238 (l).
487 1147 636 1236 Deinde,
652 1147 735 1239 qnia
754 1146 895 1217 axioma
921 1145 1070 1238 simplex
1085 1153 1146 1214 ant
1162 1163 1310 1236 compo·

286 1267 391 1338 situm
410 1275 479 1356 est,
504 1266 577 1358 agit
593 1266 690 1359 prius
708 1265 753 1338 de
766 1264 937 1358 simplici,
958 1263 1055 1354 quod
1071 1270 1132 1332 aut
1152 1263 1314 1353 generale

287 1393 365 1472 est,
402 1394 462 1457 aut
488 1385 662 1478 speciale,
696 1383 802 1476 idque
831 1383 886 1453 vel
913 1380 1121 1475 particulare
1144 1380 1199 1450 vel
1227 1400 1309 1472 pro·

288 1503 402 1596 prium
420 1503 522 1591 facit;
550 1501 723 1596 posterius
743 1509 858 1572 autem
885 1499 930 1572 de
955 1497 1172 1590 composito,
1199 1517 1312 1588 eoque

288 1622 343 1692 vel
358 1623 539 1714 copulato,
562 1621 616 1692 vel
635 1640 796 1696 connexo
806 1671 816 1709 ,
839 1617 935 1710 quod
953 1624 1014 1687 aut
1029 1614 1312 1708 congregativum

290 1740 334 1810 sit
358 1748 418 1810 aut
442 1737 739 1830 disgregativum,
768 1745 802 1806 et
824 1744 908 1806 tuno
935 1735 990 1806 vel
1016 1733 1231 1819 discretum,
1259 1733 1313 1803 vel

290 1857 500 1950 disjunctum
514 1857 582 1945 (2).

339 1973 425 2044 Cum
441 1973 538 2044 aliud
547 1973 687 2044 axioma
696 1991 743 2044 ex
755 1971 824 2044 alio
833 1972 1032 2062 deducitur,
1044 1971 1083 2042 fit
1094 1971 1316 2068 syllogismus

291 2098 352 2160 aut
369 2089 576 2179 methodus,
601 2109 691 2181 quos
715 2089 838 2161 eodem
866 2089 1005 2160 nomine
1026 2090 1231 2181 complexus
1242 2089 1319 2161 dia-

293 2230 417 2280 noeam
437 2208 636 2302 appellavit.
660 2233 677 2275 ι(
699 2209 927 2301 Syllogismus
943 2261 959 2296 ,¹
975 2207 1111 2300 inquit,
1128 2218 1181 2278 est
1197 2207 1315 2300 dispo·

295 2327 388 2415 sitio,
405 2349 476 2418 qna
484 2327 634 2419 quaestio
647 2348 726 2398 cum
741 2334 946 2418 argumento
960 2326 1141 2420 disposita,
1158 2345 1315 2398 necessa·

296 2446 350 2518 rio
373 2446 592 2518 concluditur
608 2443 672 2542 (3).
697 2471 715 2515 r>
733 2446 772 2516 ln
784 2467 856 2537 quo
873 2445 963 2517 duas
978 2453 1094 2538 partes
1115 2443 1319 2535 distinguit,

299 2565 522 2653 antecedens,
542 2565 640 2657 quod
670 2563 905 2656 propositione
927 2573 962 2635 et
980 2563 1218 2656 assumptione
1236 2583 1321 2633 eon·

299 2691 383 2771 stat,
395 2693 429 2754 et
443 2704 681 2776 consequens,
696 2683 793 2774 quod
808 2683 883 2776 ipsa
895 2692 948 2754 est
960 2682 1150 2754 conclusio.
1166 2683 1228 2751 Est
1236 2699 1324 2752 vero

300 2809 340 2868 ut
355 2801 514 2888 axioma,
534 2801 582 2870 ita
607 2802 828 2896 syllogismus
847 2809 908 2872 aut
930 2801 1079 2895 simplex
1096 2808 1156 2872 aut
1174 2820 1321 2892 compon-

301 2916 387 2988 situs
408 2917 585 3008 :itemque
613 2919 760 3010 simplex
783 2921 838 2990 vel
864 2920 1053 3010 generalis,
1068 2919 1123 2990 vel
1140 2917 1322 3012 specialis,

302 3034 355 3104 vel
377 3033 539 3127 proprius
555 3042 619 3106 est.
641 3035 810 3108 Praeterea
834 3046 1032 3109 contractus
1051 3046 1112 3108 aut
1130 3036 1324 3130 explicatus

302 3175 379 3224 esse
397 3161 526 3247 potest.
540 3154 712 3247 Explicati
733 3164 848 3227 autem
865 3166 937 3228 tres
957 3155 1088 3249 ligures
1108 3178 1170 3227 seu
1192 3157 1325 3249 species

304 3273 380 3344 aliis
395 3273 594 3346 nominibus
611 3285 645 3346 et
664 3275 749 3346 locis
773 3285 878 3368 atque
903 3275 1106 3346 Aristoteles
1130 3271 1323 3347 describit:

295 3391 471 3496 primam,
497 3393 644 3486 quando·
658 3393 798 3466 medius»
811 3394 996 3482 terminus,
1018 3402 1089 3466 tam
1109 3393 1147 3463 iu
1163 3393 1325 3486 proposi·

306 3507 398 3577 tione
411 3529 519 3597 quam
532 3511 567 3581 in
582 3512 818 3605 assumptione
829 3511 1000 3582 antecedit
1016 3507 1068 3606 (l)
1081 3537 1091 3600 ;
1112 3509 1322 3600 secundam,

338 3795 373 3860 (l)
383 3795 496 3854 llisleot,
505 3795 548 3846 llb.
560 3793 593 3862 11,
602 3799 706 3860 perorat.
721 3798 879 3860 primljudlc.
890 3817 897 3862 ;
909 3798 1126 3862 Scholnretaplr„
1138 3799 1165 3850 in
1176 3796 1253 3862 pref..
1266 3809 1294 3862 p.
1306 3804 1330 3857 l,

307 3879 378 3932 Praei.
387 3879 497 3930 scholar.
507 3879 595 3943 phys,
605 3882 663 3942 init.-

339 3965 371 4028 (²)
386 3964 487 4016 lllolect.
498 4001 504 4024 ,
517 3965 534 4015 1.
546 3965 583 4028 -ll,
594 3979 619 4029 p.
634 3968 677 4015 ll8
691 3978 744 4028 sqq.
753 3965 824 4031 (edit.
839 3978 900 4016 nnn.
915 3969 992 4028 1556).

339 4047 375 4112 (3)
385 4049 503 4113 Dialect,
520 4050 536 4100 Ι.
550 4051 581 4111 ll,
593 4064 617 4114 p.
630 4052 681 4101 tto.

340 4129 376 4192 (l)
387 4129 444 4180 llaec
454 4135 491 4180 cst
502 4135 574 4182 tertis
588 4132 655 4196 apud
671 4132 827 4182 Aristotelem
840 4130 933 4194 figura,
947 4135 974 4182 ln
984 4147 1033 4195 qua
1045 4131 1143 4183 medius
1155 4132 1278 4182 terminus
1289 4142 1332 4192 pro

309 4211 419 4270 subjecto
429 4213 465 4263 llis
475 4219 501 4262 ln
516 4217 651 4276 premissis
660 4217 776 4264 sumitur.
