2912 5066
709 405 927 474 -196-

348 582 414 627 mos
427 565 560 626 Euclidis
572 565 686 637 libros,
703 571 734 624 et
747 580 819 624 sane
834 567 995 626 nonnullos
1020 567 1104 625 alios.
1119 587 1131 618 r
1147 568 1231 639 Quos
1249 568 1331 624 Nan-

348 670 441 728 celius
462 669 558 726 llamo
574 667 758 744 reliquerat,
779 668 832 725 «in
846 669 1039 726 Germaniam
1062 667 1329 737 transmittendos,

346 774 381 827 nt
398 773 461 828 tum
476 784 513 828 ex
527 769 656 840 nostris,
676 773 740 827 tum
761 783 799 827 ex
819 769 885 828 allis
898 785 994 827 unum
1014 785 1123 846 corpus
1137 769 1330 828 mathemati·
1436 785 1437 852 j

346 883 452 928 corum
466 869 649 927 conilaretur
664 875 754 942 atque
769 868 954 942 cuderetur,
979 885 1049 928 cnm
1068 885 1105 928 ea
1118 871 1221 929 omnia
1238 870 1329 928 latine
1436 885 1437 942 j

344 971 497 1026 exstarent
510 982 668 1042 nusquam.
681 968 786 1028 sedne
800 983 898 1041 graece
907 969 1044 1044 quidem,
1056 974 1167 1043 praeter
1176 969 1329 1037 Proclum,

343 1071 454 1126 cetera.
471 1087 483 1118 a
505 1067 567 1138 ld.‚
583 1067 656 1126 ibid

310 1189 335 1248 7.
361 1190 503 1265 Epistulae
512 1190 741 1265 quamplurimae
750 1173 1115 1266 addlversost-Nempe
1124 1191 1204 1250 add.
1219 1173 1323 1250 Joach.
1436 1169 1437 1242 ξ

343 1292 505 1351 liheticum
517 1291 556 1350 de
571 1292 753 1364 astrologia;
770 1292 808 1350 ad
823 1293 982 1352 leontium
997 1296 1028 1350 ct
1039 1293 1144 1364 Dium,
1155 1292 1328 1362 Britannos;

346 1393 385 1451 ad
399 1395 583 1464 Gesnerum,
599 1394 821 1464 camerarium,
845 1395 1060 1468 Hieronymum
1086 1393 1245 1464 Woltium,
1269 1395 1328 1451 lu-

345 1499 479 1566 gustanae
505 1495 578 1554 hihi.
607 1494 802 1570 praelectum;
830 1494 869 1553 ad
898 1495 1151 1554 commandinum
1182 1495 1330 1553 Fernesiae

345 1595 419 1655 hlhl
447 1597 641 1672 praelectum
664 1597 702 1655 ad
721 1596 868 1668 Angelum
883 1597 1009 1670 Papium
1032 1597 1272 1668 Bononiensem
1293 1595 1329 1655 ad

344 1697 508 1756 hmaldum
522 1697 709 1769 Ferrarium,
723 1697 813 1756 curie
837 1698 929 1755 Paris.
951 1696 1130 1771 presidem,
1144 1701 1175 1755 ct
1188 1711 1250 1768 reg.
1279 1711 1327 1771 ap.

346 1801 477 1858 Venetos
490 1799 624 1870 legatum
639 1813 648 1856 a
671 1819 683 1850 a
698 1797 743 1857 nd
757 1798 813 1856 hos
827 1811 933 1857 omnes
946 1799 986 1857 de
1009 1797 1102 1856 rebus
1110 1798 1330 1856 mathematicis

345 1899 546 1971 perscripsi,»
566 1897 663 1971 inquit
672 1897 737 1971 ipse
747 1898 859 1955 llamus
868 1897 899 1955 in
911 1898 975 1956 det.
991 1911 1051 1956 sec.
1065 1897 1157 1956 math.
1171 1897 1214 1955 dt.
1229 1897 1326 1970 Freig.

346 1997 377 2055 ln
394 1997 458 2054 Vita
472 1997 574 2067 Rami,
590 2011 618 2070 p.
640 1997 686 2052 30.
700 2028 737 2038 --
749 1996 794 2054 hd
807 1997 883 2055 alios
896 2011 968 2055 sane
986 1997 1155 2071 permultos
1169 1997 1329 2071 scripserat
1436 1991 1437 2000 ’

346 2099 473 2167 liumus,
493 2110 570 2171 quos
585 2111 763 2157 enumerare
781 2098 902 2171 longius
916 2098 1014 2169 toret,
1030 2102 1061 2155 et
1081 2098 1184 2156 forsan
1204 2099 1328 2170 inutile,

346 2212 439 2272 quum
451 2212 503 2256 eas
517 2197 671 2272 epistolas,
686 2201 746 2256 tam
761 2197 854 2269 longo
867 2201 937 2272 post
946 2199 1032 2256 llami
1045 2197 1163 2256 obitum
1177 2203 1331 2273 tempore,

346 2300 547 2374 recuperandi
558 2315 628 2374 spes
642 2300 724 2357 nulla
738 2313 896 2374 superesse
910 2299 1056 2358 rideatur.
1065 2302 1147 2358 —De
1157 2301 1330 2375 quindecim
1436 2341 1437 2346 η

347 2406 463 2460 tantum
477 2401 612 2476 epistolis
625 2417 723 2476 pauca
738 2401 858 2472 dicam,
873 2416 950 2475 quas
963 2400 1152 2460 doctissimus
1172 2403 1217 2461 vir
1232 2403 1330 2461 Chris-

347 2503 649 2574 tian-Bartholmess,
663 2502 837 2592 secundum
866 2503 1038 2561 authentica
1059 2503 1199 2578 quedam
1225 2516 1329 2561 exem-

321 2611 325 2617 '
346 2604 443 2678 plaria
453 2604 633 2678 exscriptas,
650 2604 723 2661 mihi
735 2616 793 2678 pro
809 2618 863 2662 sua
877 2603 1062 2662 humanitate
1072 2606 1180 2677 sponte
1191 2607 1222 2662 et
1232 2603 1329 2664 liben-

347 2712 394 2763 ter
406 2704 516 2764 ohtulit
531 2721 539 2763 :
557 2720 631 2780 quas
641 2704 764 2779 quidem
778 2720 871 2779 quum
889 2706 920 2762 in
933 2705 1033 2763 lucem
1043 2705 1135 2764 edere
1150 2719 1211 2763 non
1222 2706 1328 2780 liceat,

348 2805 449 2864 obiter
471 2811 573 2864 tamen
596 2805 694 2864 dicam
720 2806 759 2863 ad
781 2819 872 2880 quem
895 2810 925 2863 et
949 2820 1009 2879 qua
1033 2805 1071 2865 de
1093 2820 1126 2864 re
1141 2821 1330 2882 unaquaeque
1436 2841 1437 2854 κ

347 2907 459 2978 scripta
471 2905 571 2963 inerit.

347 3049 463 3122 Prima,
480 3051 602 3108 Lutetiae
624 3051 712 3120 data,
737 3052 824 3110 ical
844 3051 904 3124 jan.
926 3053 1015 3118 1551,
1037 3053 1075 3111 ad
1097 3055 1185 3111 Joan.
1216 3011 1330 3112 Herna·

306 3153 408 3224 glum,
427 3153 650 3227 typographum
671 3152 879 3222 Basiliensem,
896 3154 982 3211 liami
1000 3155 1074 3212 olim
1095 3158 1126 3212 et
1145 3154 1219 3212 hud.
1240 3155 1331 3213 Talaei
1436 3141 1437 3156 ¹

307 3253 507 3329 discipulum,
534 3255 607 3313 nihil
630 3254 765 3313 notabile
791 3255 944 3325 continet,
972 3255 1028 3313 nisi
1050 3254 1134 3329 quod
1158 3256 1270 3314 ltamus
1292 3256 1331 3315 de

295 3354 433 3414 'Platone
443 3355 535 3412 latine
544 3354 692 3413 vertendo
704 3355 743 3414 ad
755 3355 971 3431 hieronymum
980 3353 1122 3412 Woldum
1132 3367 1165 3410 se
1179 3355 1331 3428 scripsisse

307 3457 443 3514 affirmet.

345 3559 380 3613 ln
395 3556 527 3616 secunda
546 3555 790 3630 (Heidelbergae,
806 3559 822 3614 3
839 3557 895 3615 cal.
913 3572 981 3616 nov.
1003 3556 1096 3624 1569)
1110 3554 1225 3613 Theod.
1243 3555 1332 3613 zuin-

307 3671 414 3728 gcrum
428 3661 532 3716 monet
545 3672 597 3728 se,
613 3659 806 3730 argentinam
822 3659 973 3733 proticisci
987 3659 1181 3730 cogitantem,
1197 3655 1238 3714 ah
1252 3656 1331 3716 elec-

211 3811 214 3828 ,
308 3763 375 3816 tore
390 3756 430 3815 ad
444 3754 565 3830 publice
579 3757 785 3830 profitendum
799 3764 950 3838 retentum
966 3759 1067 3818 luisse.

349 3856 450 3915 Tertia
466 3853 578 3926 (ibid,
595 3855 632 3912 10
643 3855 697 3912 cal.
711 3854 787 3914 iehr.
803 3857 898 3929 1570;
912 3857 952 3916 ad
964 3857 1063 3916 eumd
1075 3863 1084 3926 t
1095 3857 1134 3916 de
1149 3853 1341 3940 Heidelber-¹

309 3958 397 4030 gensi
420 3957 507 4017 Rami
531 3954 717 4030 prefessione
734 3956 829 4014 multa
853 3957 1021 4034 eademque
1045 3957 1176 4016 maxime
1197 3954 1329 4014 notanda

309 4056 451 4118 declarat.

348 4162 462 4230 Quarta
478 4159 530 4237 (ad
545 4161 646 4220 eumd.
663 4161 770 4231 tertia,
785 4160 939 4231 Francoi,
955 4160 992 4217 10
1007 4158 1062 4216 cal.
1083 4172 1146 4232 apr.
1167 4155 1257 4232 1570)
1275 4171 1329 4215 nos

308 4259 399 4319 docet
412 4263 538 4319 Ramum
559 4284 570 4313 a
587 4277 604 4319 a
627 4263 760 4334 Joanne‚
776 4276 848 4334 rege
867 4262 1048 4331 Pannoniae,
1066 4272 1166 4328 annuo
1180 4258 1329 4334 quingen-
