2912 5066
692 422 910 498 -lolr-

291 587 423 679 alioqui
441 607 505 660 nec
525 590 638 659 malus
654 609 718 660 neo
733 588 912 675 indoctus,
934 588 971 657 P.
992 589 1090 660 llami
1106 589 1256 680 logicam
1269 587 1317 658 de
1453 633 1454 648 .

290 705 454 777 methodo
473 729 653 799 nunquam
670 707 763 799 legit.
781 706 902 778 Petrus
917 707 1008 777 enim
1023 709 1152 779 Remus
1163 707 1319 779 Platonis

289 823 568 916 Aristotelisque,
596 826 685 896 sicut
705 823 923 917 Hippocratis
940 833 974 894 et
998 823 1118 895 Galeni
1143 827 1320 898 omniurn-

288 962 357 1032 que
378 941 520 1012 omuino
547 941 737 1030 artificum,
757 941 958 1013 methodum
981 941 1121 1012 unicam
1146 963 1223 1012 csse
1248 943 1317 1014 de-

286 1065 471 1145 monstrat,
489 1078 636 1148 camque
648 1059 818 1150 sequitur,
837 1066 872 1128 et
889 1057 934 1128 ab
952 1056 1110 1150 imperita
1129 1055 1317 1128 methodo·

286 1195 364 1245 rum
389 1175 609 1248 multitudine
633 1177 799 1249 vindicat.
828 1175 920 1260 Quid
942 1178 1049 1248 multa
1058 1175 1135 1246 P
1155 1176 1253 1246 Hanc
1275 1174 1316 1245 in

286 1293 410 1366 Scholit
439 1293 690 1386 Virgilianam,
723 1293 935 1381 Tullianam,
969 1293 1209 1398 Homericam,
1242 1293 1313 1364 De·

287 1411 556 1501 mosthenicam,
571 1413 867 1500 mathematicam,
882 1411 1179 1506 philosophicam,
1197 1411 1311 1483 omni·

286 1531 424 1621 busque
441 1529 621 1604 hominum
640 1531 791 1618 consiliis
804 1529 1017 1632 judiciisque
1037 1529 1219 1619 usitatam,
1240 1551 1312 1602 non

287 1647 333 1718 ab
344 1646 527 1719 Aristotele
541 1648 596 1719 vel
614 1669 635 1718 a
649 1649 757 1718 Ramo
772 1647 977 1719 somniatum
994 1667 1070 1719 csse
1084 1647 1187 1740 cupio
1203 1645 1273 1742 (l).
1289 1673 1308 1718 n

286 1763 387 1834 Liber
399 1763 504 1856 igitur
516 1764 561 1834 ab
580 1765 675 1836 omni
690 1763 873 1856 cujuslibet
887 1773 992 1835 sectae
1004 1765 1143 1851 studio,
1163 1765 1310 1836 nullius·¹

286 1903 356 1973 que
374 1881 535 1971 addictus
550 1883 669 1974 jurare
692 1881 728 1952 in
752 1883 859 1953 verba
881 1882 1055 1974 magistri,
1075 1883 1310 1974 diligentiam,

286 2023 423 2089 curam,
441 2009 590 2073 mentem
606 2002 758 2094 denique
774 2009 882 2073 totam
898 2002 1058 2074 adhibuit
1074 2003 1110 2073 in
1128 2004 1255 2074 artium
1267 2003 1311 2074 li···

285 2118 454 2190 beralium
467 2141 533 2190 usu
546 2119 781 2211 exquirenda,
799 2118 835 2189 in·
850 2119 1075 2212 supervacuis
1091 2121 1236 2212 argutiis
1252 2142 1308 2192 se·-

287 2237 479 2308 cerncndis.
510 2263 527 2304 n
550 2237 590 2310 ld
608 2237 699 2309 cuim
723 2237 851 2329 vigiliis
868 2246 903 2308 et
914 2237 1101 2309 laboribus
1115 2239 1214 2310 Romi
1232 2261 1311 2333 prce

287 2356 437 2448 positum
455 2355 532 2444 luit,
551 2357 644 2428 cuia
660 2356 889 2447 ingenuarum
901 2348 1161 2450 disciplinarum
1175 2357 1306 2450 spinas,

286 2474 419 2562 silices,
445 2483 629 2566 ceteraque
655 2475 821 2548 studiosae
842 2474 1034 2566 juventutis
1065 2475 1307 2568 impedimenta

287 2595 423 2682 tollere,
448 2604 486 2665 ul
509 2595 573 2667 itcr
590 2596 750 2688 planum,
769 2594 990 2688 expeditum,
1010 2594 1189 2666 directum
1197 2608 1307 2680 esset,

286 2713 510 2810 quo-lacilius
532 2713 578 2784 ad
596 2715 849 2786 laudandorum
866 2711 1101 2784 doctrinarum
1121 2733 1191 2783 non
1210 2713 1309 2786 intel·

288 2829 461 2918 ligent-iam
482 2831 608 2918 modo,
632 2832 694 2904 scd
717 2832 897 2902 utilitatem
917 2839 952 2901 el
972 2831 1118 2900 fructum
1143 2831 1306 2922 perveni6

286 2953 378 3016 retur
394 2942 459 3040 (2).
478 2970 494 3012 n
982 2942 997 3042 ἰ

333 3073 498 3146 Liberalis
526 3083 641 3146 autem
668 3077 848 3172 disciplina
874 3080 966 3161 nulla
994 3079 1075 3168 luit,
1106 3095 1219 3171 quam·
1235 3092 1306 3150 non

284 3192 466 3286 diligenter
483 3194 673 3267 excoluerit
694 3193 765 3290 (3);
786 3196 856 3267 imo
882 3198 976 3268 nulla
1001 3197 1082 3280 luit,
1110 3203 1216 3289 quam
1235 3211 1306 3268 non

284 3313 448 3386 methodo
464 3323 498 3385 ct
514 3313 661 3385 inventis
678 3315 922 3387 illustraverit:
940 3333 1023 3405 quae
1034 3315 1176 3405 quidem
1188 3315 1303 3387 omnia

142 3449 146 3458 ’
283 3431 426 3502 intuenti
444 3453 570 3524 magna
588 3432 737 3525 injicitur
753 3433 838 3504 tanti
850 3433 916 3504 viri
933 3432 1131 3504 admiratio.

332 3561 370 3628 ln
391 3564 615 3650 grammatica
634 3565 744 3654 enim,
762 3586 966 3657 quanquam
984 3566 1092 3635 multa
1111 3561 1212 3634 nimis
1233 3573 1302 3634 tur*

312 3912 348 3977 (l)
364 3911 446 3963 Schol.
458 3912 484 3961 in
494 3899 537 3962 lib.
547 3914 629 3975 ader,
642 3911 756 3972 Prelul„
768 3915 837 3964 1569.

309 4012 345 4076 lt)
357 4003 482 4062 Oratio‘dc
492 4023 538 4062 suu
551 4007 669 4073 protana,
687 4012 755 4060 1563.

308 4108 343 4170 (a)
357 4109 441 4172 steph.
464 4109 594 4172 Pasquier,
616 4106 691 4158 bech.
711 4107 785 4158 dela
806 4106 912 4162 Francc,
934 4108 950 4156 l.
971 4107 1018 4167 lll,
1033 4121 1056 4156 a.
1078 4109 1104 4155 18
1119 4121 1125 4154 r
1142 4105 1301 4168 ‹Gestar-cy

276 4189 389 4252 (hamus)
401 4191 461 4240 d’un
474 4193 549 4254 esprit
566 4193 705 4252 universal,
720 4203 817 4241 comme
828 4203 861 4240 on
877 4189 995 4241 recueille
1007 4203 1051 4252 par
1063 4203 1102 4240 ses
1113 4202 1224 4247 murres,
1240 4193 1302 4240 cors

273 4279 379 4350 coruunt
392 4279 445 4323 tant
460 4269 496 4324 lc‘s
509 4277 731 4327 lellrcshumalnes
741 4289 789 4338 quc
800 4274 986 4338 philosophie.»
