<?xml version="1.0" encoding="UTF-8"?>
<!DOCTYPE html PUBLIC "-//W3C//DTD XHTML 1.0 Transitional//EN"
    "http://www.w3.org/TR/xhtml1/DTD/xhtml1-transitional.dtd">
<html xmlns="http://www.w3.org/1999/xhtml" xml:lang="en" lang="en">
 <head>
  <title>
</title>
<meta http-equiv="Content-Type" content="text/html;charset=utf-8" />
  <meta name='ocr-system' content='tesseract 3.04.00' />
  <meta name='ocr-capabilities' content='ocr_page ocr_carea ocr_par ocr_line ocrx_word'/>
</head>
<body>
  <div class='ocr_page' id='page_1' title='image "./depetriramivita00waddgoog/depetriramivita00waddgoog_0154.png"; bbox 0 0 2912 5066; ppageno 0'>
   <div class='ocr_carea' id='block_1_1' title="bbox 546 371 762 456">
    <p class='ocr_par' dir='ltr' id='par_1_1' title="bbox 546 371 762 456">
     <span class='ocr_line' id='line_1_1' title="bbox 546 371 762 456; baseline 0.009 -2"><span class='ocrx_word' id='word_1_1' title='bbox 546 371 762 456; x_wconf 75' lang='lat' dir='ltr'>-or-</span> 
     </span>
    </p>
   </div>
   <div class='ocr_carea' id='block_1_2' title="bbox 110 541 1256 2524">
    <p class='ocr_par' dir='ltr' id='par_1_2' title="bbox 134 541 1165 1463">
     <span class='ocr_line' id='line_1_2' title="bbox 134 541 1164 638; baseline -0.003 -23"><span class='ocrx_word' id='word_1_2' title='bbox 134 543 303 616; x_wconf 85' lang='lat' dir='ltr'>Moraviae</span> <span class='ocrx_word' id='word_1_3' title='bbox 317 543 478 612; x_wconf 86' lang='lat' dir='ltr'>comitem</span> <span class='ocrx_word' id='word_1_4' title='bbox 495 541 572 636; x_wconf 86' lang='lat' dir='ltr'>(l),</span> <span class='ocrx_word' id='word_1_5' title='bbox 592 542 786 637; x_wconf 82' lang='lat' dir='ltr'>Philippum</span> <span class='ocrx_word' id='word_1_6' title='bbox 805 541 1016 638; x_wconf 77' lang='lat' dir='ltr'>Sydneium,</span> <span class='ocrx_word' id='word_1_7' title='bbox 1036 542 1164 634; x_wconf 66' lang='lat' dir='ltr'>ipsum«</span> 
     </span>
     <span class='ocr_line' id='line_1_3' title="bbox 138 659 1159 752; baseline 0.002 -22"><span class='ocrx_word' id='word_1_8' title='bbox 138 681 208 750; x_wconf 92' lang='lat' dir='ltr'>que</span> <span class='ocrx_word' id='word_1_9' title='bbox 235 660 270 730; x_wconf 95' lang='lat' dir='ltr'>in</span> <span class='ocrx_word' id='word_1_10' title='bbox 295 659 441 752; x_wconf 91' lang='lat' dir='ltr'>septimo</span> <span class='ocrx_word' id='word_1_11' title='bbox 469 660 604 732; x_wconf 88' lang='lat' dir='ltr'>decimo</span> <span class='ocrx_word' id='word_1_12' title='bbox 630 663 747 734; x_wconf 91' lang='lat' dir='ltr'>seculo</span> <span class='ocrx_word' id='word_1_13' title='bbox 760 662 936 734; x_wconf 68' lang='lat' dir='ltr'>⁴loannem</span> <span class='ocrx_word' id='word_1_14' title='bbox 961 661 1159 747; x_wconf 76' lang='lat' dir='ltr'>Miltonum,</span> 
     </span>
     <span class='ocr_line' id='line_1_4' title="bbox 140 777 1004 870; baseline -0.001 -24"><span class='ocrx_word' id='word_1_15' title='bbox 140 777 201 867; x_wconf 91' lang='lat' dir='ltr'>qui</span> <span class='ocrx_word' id='word_1_16' title='bbox 218 777 317 848; x_wconf 80' lang='lat' dir='ltr'>Romi</span> <span class='ocrx_word' id='word_1_17' title='bbox 333 785 508 870; x_wconf 81' lang='lat' dir='ltr'>praecepta</span> <span class='ocrx_word' id='word_1_18' title='bbox 524 799 615 850; x_wconf 90' lang='lat' dir='ltr'>anno</span> <span class='ocrx_word' id='word_1_19' title='bbox 631 777 725 852; x_wconf 78' lang='lat' dir='ltr'>tcto</span> <span class='ocrx_word' id='word_1_20' title='bbox 743 778 926 850; x_wconf 90' lang='lat' dir='ltr'>illustravit</span> <span class='ocrx_word' id='word_1_21' title='bbox 939 778 1004 870; x_wconf 76' lang='lat'><strong>(2).</strong></span> 
     </span>
     <span class='ocr_line' id='line_1_5' title="bbox 148 894 1164 989; baseline 0.001 -24"><span class='ocrx_word' id='word_1_22' title='bbox 148 957 152 965; x_wconf 89' lang='lat'>.</span> <span class='ocrx_word' id='word_1_23' title='bbox 186 894 382 978; x_wconf 81' lang='lat' dir='ltr'><strong>Quinetiam</strong></span> <span class='ocrx_word' id='word_1_24' title='bbox 400 895 455 966; x_wconf 90' lang='lat' dir='ltr'>vel</span> <span class='ocrx_word' id='word_1_25' title='bbox 474 895 509 965; x_wconf 95' lang='lat' dir='ltr'>in</span> <span class='ocrx_word' id='word_1_26' title='bbox 528 896 693 989; x_wconf 81' lang='lat' dir='ltr'>Hispania</span> <span class='ocrx_word' id='word_1_27' title='bbox 707 895 934 968; x_wconf 90' lang='lat' dir='ltr'>clarissimum</span> <span class='ocrx_word' id='word_1_28' title='bbox 946 896 1073 972; x_wconf 82' lang='lat' dir='ltr'>Remea</span> <span class='ocrx_word' id='word_1_29' title='bbox 1090 895 1164 966; x_wconf 74' lang='lat' dir='ltr'>nia</span> 
     </span>
     <span class='ocr_line' id='line_1_6' title="bbox 140 1013 1162 1106; baseline 0.002 -24"><span class='ocrx_word' id='word_1_30' title='bbox 140 1013 261 1106; x_wconf 83' lang='lat' dir='ltr'>lectica</span> <span class='ocrx_word' id='word_1_31' title='bbox 282 1013 501 1106; x_wconf 72' lang='lat' dir='ltr'>interpretem</span> <span class='ocrx_word' id='word_1_32' title='bbox 526 1014 647 1086; x_wconf 87' lang='lat' dir='ltr'>hahuit</span> <span class='ocrx_word' id='word_1_33' title='bbox 669 1016 723 1086; x_wconf 90' lang='lat' dir='ltr'>Fr.</span> <span class='ocrx_word' id='word_1_34' title='bbox 745 1014 922 1094; x_wconf 90' lang='lat' dir='ltr'>Sanctium</span> <span class='ocrx_word' id='word_1_35' title='bbox 938 1015 1162 1103; x_wconf 77' lang='lat' dir='ltr'>Brocensem,</span> 
     </span>
     <span class='ocr_line' id='line_1_7' title="bbox 141 1132 1165 1225; baseline -0.002 -21"><span class='ocrx_word' id='word_1_36' title='bbox 141 1132 182 1204; x_wconf 91' lang='grc' dir='ltr'><em>Μ</em></span> <span class='ocrx_word' id='word_1_37' title='bbox 183 1139 308 1204; x_wconf 82' lang='lat' dir='ltr'>taervae</span> <span class='ocrx_word' id='word_1_38' title='bbox 323 1141 523 1220; x_wconf 82' lang='lat' dir='ltr'><strong>auctorem,</strong></span> <span class='ocrx_word' id='word_1_39' title='bbox 540 1133 601 1224; x_wconf 86' lang='lat' dir='ltr'>qui</span> <span class='ocrx_word' id='word_1_40' title='bbox 616 1133 651 1204; x_wconf 93' lang='lat' dir='ltr'>in</span> <span class='ocrx_word' id='word_1_41' title='bbox 663 1133 890 1225; x_wconf 83' lang='lat' dir='ltr'>Universitate</span> <span class='ocrx_word' id='word_1_42' title='bbox 906 1132 1165 1204; x_wconf 87' lang='lat' dir='ltr'>Salmanticensi</span> 
     </span>
     <span class='ocr_line' id='line_1_8' title="bbox 141 1249 1165 1340; baseline 0.004 -22"><span class='ocrx_word' id='word_1_43' title='bbox 141 1250 403 1340; x_wconf 81' lang='lat' dir='ltr'>grammaticam</span> <span class='ocrx_word' id='word_1_44' title='bbox 420 1261 455 1322; x_wconf 90' lang='lat' dir='ltr'>et</span> <span class='ocrx_word' id='word_1_45' title='bbox 472 1251 689 1325; x_wconf 80' lang='lat' dir='ltr'>dialecticam</span> <span class='ocrx_word' id='word_1_46' title='bbox 705 1251 896 1323; x_wconf 89' lang='lat' dir='ltr'>secundum</span> <span class='ocrx_word' id='word_1_47' title='bbox 914 1250 1011 1321; x_wconf 86' lang='lat' dir='ltr'>Rami</span> <span class='ocrx_word' id='word_1_48' title='bbox 1027 1249 1165 1322; x_wconf 86' lang='lat' dir='ltr'>institu-</span> 
     </span>
     <span class='ocr_line' id='line_1_9' title="bbox 141 1369 909 1463; baseline -0.003 -26"><span class='ocrx_word' id='word_1_49' title='bbox 141 1377 217 1440; x_wconf 92' lang='lat' dir='ltr'>tum</span> <span class='ocrx_word' id='word_1_50' title='bbox 237 1390 300 1461; x_wconf 92' lang='lat' dir='ltr'>per</span> <span class='ocrx_word' id='word_1_51' title='bbox 315 1371 438 1460; x_wconf 78' lang='lat' dir='ltr'>longos</span> <span class='ocrx_word' id='word_1_52' title='bbox 452 1389 562 1440; x_wconf 89' lang='lat' dir='ltr'>annos</span> <span class='ocrx_word' id='word_1_53' title='bbox 578 1369 754 1463; x_wconf 82' lang='lat' dir='ltr'>protessus</span> <span class='ocrx_word' id='word_1_54' title='bbox 772 1377 824 1440; x_wconf 90' lang='lat' dir='ltr'>est</span> <span class='ocrx_word' id='word_1_55' title='bbox 843 1371 909 1458; x_wconf 90' lang='lat'><strong>(3).</strong></span> 
     </span>
    </p>

    <p class='ocr_par' dir='ltr' id='par_1_3' title="bbox 110 1481 1256 2524">
     <span class='ocr_line' id='line_1_10' title="bbox 191 1485 1166 1580; baseline 0 -22"><span class='ocrx_word' id='word_1_56' title='bbox 191 1487 282 1558; x_wconf 92' lang='lat' dir='ltr'>Nihil</span> <span class='ocrx_word' id='word_1_57' title='bbox 301 1487 406 1579; x_wconf 83' lang='lat' dir='ltr'>igitur</span> <span class='ocrx_word' id='word_1_58' title='bbox 420 1488 583 1560; x_wconf 87' lang='lat' dir='ltr'>Ramismi</span> <span class='ocrx_word' id='word_1_59' title='bbox 596 1489 717 1580; x_wconf 77' lang='lat' dir='ltr'>gloriae</span> <span class='ocrx_word' id='word_1_60' title='bbox 739 1487 848 1560; x_wconf 86' lang='lat' dir='ltr'>deluit</span> <span class='ocrx_word' id='word_1_61' title='bbox 860 1507 1002 1577; x_wconf 89' lang='lat' dir='ltr'>,neque</span> <span class='ocrx_word' id='word_1_62' title='bbox 1017 1485 1166 1580; x_wconf 90' lang='lat' dir='ltr'>discipu·</span> 
     </span>
     <span class='ocr_line' id='line_1_11' title="bbox 123 1604 1168 1698; baseline 0.004 -26"><span class='ocrx_word' id='word_1_63' title='bbox 123 1667 125 1672; x_wconf 89' lang='lat'><em>.</em></span> <span class='ocrx_word' id='word_1_64' title='bbox 142 1609 256 1676; x_wconf 91' lang='lat' dir='ltr'>lorum</span> <span class='ocrx_word' id='word_1_65' title='bbox 273 1627 454 1694; x_wconf 53' lang='lat' dir='ltr'>numerus</span> <span class='ocrx_word' id='word_1_66' title='bbox 483 1627 596 1698; x_wconf 88' lang='lat' dir='ltr'>neque</span> <span class='ocrx_word' id='word_1_67' title='bbox 612 1615 820 1678; x_wconf 87' lang='lat' dir='ltr'>sectaturum</span> <span class='ocrx_word' id='word_1_68' title='bbox 837 1604 1047 1694; x_wconf 72' lang='lat' dir='ltr'>auctoritas,</span> <span class='ocrx_word' id='word_1_69' title='bbox 1068 1614 1105 1674; x_wconf 92' lang='lat' dir='ltr'>at</span> <span class='ocrx_word' id='word_1_70' title='bbox 1122 1626 1168 1676; x_wconf 86' lang='lat' dir='ltr'>ne</span> 
     </span>
     <span class='ocr_line' id='line_1_12' title="bbox 110 1723 1168 1816; baseline -0.001 -18"><span class='ocrx_word' id='word_1_71' title='bbox 110 1791 117 1798; x_wconf 85' lang='lat'><em>.</em></span> <span class='ocrx_word' id='word_1_72' title='bbox 142 1724 332 1796; x_wconf 88' lang='lat' dir='ltr'>adversarii</span> <span class='ocrx_word' id='word_1_73' title='bbox 348 1725 491 1816; x_wconf 94' lang='lat' dir='ltr'>quidem</span> <span class='ocrx_word' id='word_1_74' title='bbox 507 1725 704 1814; x_wconf 85' lang='lat' dir='ltr'>defuerunt,</span> <span class='ocrx_word' id='word_1_75' title='bbox 722 1747 765 1796; x_wconf 93' lang='lat' dir='ltr'>eo</span> <span class='ocrx_word' id='word_1_76' title='bbox 780 1725 940 1796; x_wconf 90' lang='lat' dir='ltr'>videlicet</span> <span class='ocrx_word' id='word_1_77' title='bbox 956 1723 1168 1797; x_wconf 80' lang='lat' dir='ltr'>ardentiores</span> 
     </span>
     <span class='ocr_line' id='line_1_13' title="bbox 143 1842 1171 1934; baseline 0 -22"><span class='ocrx_word' id='word_1_78' title='bbox 143 1865 216 1934; x_wconf 93' lang='lat' dir='ltr'>quo</span> <span class='ocrx_word' id='word_1_79' title='bbox 234 1844 365 1933; x_wconf 87' lang='lat' dir='ltr'>majore</span> <span class='ocrx_word' id='word_1_80' title='bbox 381 1852 415 1913; x_wconf 92' lang='lat' dir='ltr'>et</span> <span class='ocrx_word' id='word_1_81' title='bbox 437 1843 606 1933; x_wconf 91' lang='lat' dir='ltr'>ampliore</span> <span class='ocrx_word' id='word_1_82' title='bbox 634 1845 772 1914; x_wconf 82' lang='lat' dir='ltr'>fortuna</span> <span class='ocrx_word' id='word_1_83' title='bbox 790 1845 919 1915; x_wconf 86' lang='lat' dir='ltr'>hamus</span> <span class='ocrx_word' id='word_1_84' title='bbox 943 1843 977 1912; x_wconf 93' lang='lat' dir='ltr'>in</span> <span class='ocrx_word' id='word_1_85' title='bbox 1003 1852 1055 1913; x_wconf 93' lang='lat' dir='ltr'>tot</span> <span class='ocrx_word' id='word_1_86' title='bbox 1070 1842 1171 1912; x_wconf 78' lang='lat' dir='ltr'>orbis·</span> 
     </span>
     <span class='ocr_line' id='line_1_14' title="bbox 143 1959 1168 2054; baseline 0.002 -26"><span class='ocrx_word' id='word_1_87' title='bbox 143 1959 321 2030; x_wconf 90' lang='lat' dir='ltr'>christiani</span> <span class='ocrx_word' id='word_1_88' title='bbox 333 1961 490 2053; x_wconf 90' lang='lat' dir='ltr'>partibus</span> <span class='ocrx_word' id='word_1_89' title='bbox 508 1983 593 2032; x_wconf 90' lang='lat' dir='ltr'>usus</span> <span class='ocrx_word' id='word_1_90' title='bbox 606 1971 670 2032; x_wconf 89' lang='lat' dir='ltr'>est.</span> <span class='ocrx_word' id='word_1_91' title='bbox 692 1962 828 2054; x_wconf 87' lang='lat' dir='ltr'>Duplex</span> <span class='ocrx_word' id='word_1_92' title='bbox 844 1971 959 2032; x_wconf 88' lang='lat' dir='ltr'>autem</span> <span class='ocrx_word' id='word_1_93' title='bbox 976 1961 1040 2032; x_wconf 88' lang='lat' dir='ltr'>fuit</span> <span class='ocrx_word' id='word_1_94' title='bbox 1055 1961 1168 2032; x_wconf 90' lang='lat' dir='ltr'>homi·</span> 
     </span>
     <span class='ocr_line' id='line_1_15' title="bbox 144 2079 1170 2173; baseline 0.003 -27"><span class='ocrx_word' id='word_1_95' title='bbox 144 2099 227 2146; x_wconf 92' lang='lat' dir='ltr'>num</span> <span class='ocrx_word' id='word_1_96' title='bbox 241 2097 370 2168; x_wconf 77' lang='lat' dir='ltr'>genus,</span> <span class='ocrx_word' id='word_1_97' title='bbox 388 2079 447 2168; x_wconf 92' lang='lat' dir='ltr'>qui</span> <span class='ocrx_word' id='word_1_98' title='bbox 464 2101 540 2150; x_wconf 88' lang='lat' dir='ltr'>sese</span> <span class='ocrx_word' id='word_1_99' title='bbox 556 2100 659 2150; x_wconf 85' lang='lat' dir='ltr'>novae</span> <span class='ocrx_word' id='word_1_100' title='bbox 676 2079 906 2173; x_wconf 87' lang='lat' dir='ltr'>philosophiae</span> <span class='ocrx_word' id='word_1_101' title='bbox 922 2079 1170 2149; x_wconf 82' lang='lat' dir='ltr'>infensissimos</span> 
     </span>
     <span class='ocr_line' id='line_1_16' title="bbox 144 2195 1256 2290; baseline 0.005 -26"><span class='ocrx_word' id='word_1_102' title='bbox 144 2195 366 2288; x_wconf 73' lang='lat' dir='ltr'>praestiterint</span> <span class='ocrx_word' id='word_1_103' title='bbox 395 2225 403 2266; x_wconf 76' lang='grc' dir='ltr'><strong><em>ε</em></strong></span> <span class='ocrx_word' id='word_1_104' title='bbox 433 2219 559 2290; x_wconf 89' lang='lat' dir='ltr'>nempe</span> <span class='ocrx_word' id='word_1_105' title='bbox 591 2197 805 2290; x_wconf 87' lang='lat' dir='ltr'>peripatetici</span> <span class='ocrx_word' id='word_1_106' title='bbox 836 2198 1011 2290; x_wconf 89' lang='lat' dir='ltr'>primum,</span> <span class='ocrx_word' id='word_1_107' title='bbox 1045 2197 1170 2270; x_wconf 89' lang='lat' dir='ltr'>deinde</span> <span class='ocrx_word' id='word_1_108' title='bbox 1252 2257 1256 2270; x_wconf 87' lang='lat'>.</span> 
     </span>
     <span class='ocr_line' id='line_1_17' title="bbox 145 2313 1215 2404; baseline 0.004 -22"><span class='ocrx_word' id='word_1_109' title='bbox 145 2313 316 2404; x_wconf 85' lang='lat' dir='ltr'>theologi,</span> <span class='ocrx_word' id='word_1_110' title='bbox 339 2323 411 2389; x_wconf 88' lang='lat' dir='ltr'>tum</span> <span class='ocrx_word' id='word_1_111' title='bbox 430 2315 609 2400; x_wconf 87' lang='lat' dir='ltr'>catholici,</span> <span class='ocrx_word' id='word_1_112' title='bbox 626 2326 699 2386; x_wconf 89' lang='lat' dir='ltr'>tum</span> <span class='ocrx_word' id='word_1_113' title='bbox 721 2317 823 2387; x_wconf 89' lang='lat' dir='ltr'>etiam</span> <span class='ocrx_word' id='word_1_114' title='bbox 844 2317 1027 2388; x_wconf 85' lang='lat' dir='ltr'>lutherani.</span> <span class='ocrx_word' id='word_1_115' title='bbox 1047 2317 1169 2388; x_wconf 83' lang='lat' dir='ltr'>Poetae</span> <span class='ocrx_word' id='word_1_116' title='bbox 1214 2369 1215 2372; x_wconf 62' lang='lat'>,</span> 
     </span>
     <span class='ocr_line' id='line_1_18' title="bbox 146 2433 1167 2524; baseline 0.002 -22"><span class='ocrx_word' id='word_1_117' title='bbox 146 2433 286 2521; x_wconf 87' lang='lat' dir='ltr'>omitte,</span> <span class='ocrx_word' id='word_1_118' title='bbox 317 2433 548 2524; x_wconf 87' lang='lat' dir='ltr'>quibuscum,</span> <span class='ocrx_word' id='word_1_119' title='bbox 577 2444 616 2504; x_wconf 94' lang='lat' dir='ltr'>ut</span> <span class='ocrx_word' id='word_1_120' title='bbox 645 2433 727 2505; x_wconf 91' lang='lat' dir='ltr'>clim</span> <span class='ocrx_word' id='word_1_121' title='bbox 755 2435 934 2524; x_wconf 90' lang='lat' dir='ltr'>Socrates,</span> <span class='ocrx_word' id='word_1_122' title='bbox 967 2437 1058 2506; x_wconf 89' lang='lat' dir='ltr'>male</span> <span class='ocrx_word' id='word_1_123' title='bbox 1082 2456 1167 2507; x_wconf 88' lang='lat' dir='ltr'>con·</span> 
     </span>
    </p>
   </div>
   <div class='ocr_carea' id='block_1_3' title="bbox 144 2549 1171 3118">
    <p class='ocr_par' dir='ltr' id='par_1_4' title="bbox 144 2549 1171 3118">
     <span class='ocr_line' id='line_1_19' title="bbox 144 2549 1170 2649; baseline 0.006 -30"><span class='ocrx_word' id='word_1_124' title='bbox 144 2551 239 2621; x_wconf 86' lang='lat' dir='ltr'>venit</span> <span class='ocrx_word' id='word_1_125' title='bbox 255 2549 322 2646; x_wconf 80' lang='lat' dir='ltr'>(l).</span> <span class='ocrx_word' id='word_1_126' title='bbox 343 2552 410 2623; x_wconf 87' lang='lat' dir='ltr'>Sed</span> <span class='ocrx_word' id='word_1_127' title='bbox 433 2553 549 2623; x_wconf 91' lang='lat' dir='ltr'>hostes</span> <span class='ocrx_word' id='word_1_128' title='bbox 563 2561 598 2624; x_wconf 89' lang='lat' dir='ltr'>et</span> <span class='ocrx_word' id='word_1_129' title='bbox 616 2552 773 2625; x_wconf 89' lang='lat' dir='ltr'>inimicos</span> <span class='ocrx_word' id='word_1_130' title='bbox 789 2552 911 2623; x_wconf 92' lang='lat' dir='ltr'>hahuit</span> <span class='ocrx_word' id='word_1_131' title='bbox 927 2554 1170 2649; x_wconf 84' lang='lat' dir='ltr'>peripateticos</span> 
     </span>
     <span class='ocr_line' id='line_1_20' title="bbox 145 2669 1164 2766; baseline 0.004 -30"><span class='ocrx_word' id='word_1_132' title='bbox 145 2669 216 2738; x_wconf 82' lang='lat' dir='ltr'>sere</span> <span class='ocrx_word' id='word_1_133' title='bbox 247 2669 388 2757; x_wconf 89' lang='lat' dir='ltr'>omnes,</span> <span class='ocrx_word' id='word_1_134' title='bbox 424 2669 548 2766; x_wconf 80' lang='lat' dir='ltr'>cosin</span> <span class='ocrx_word' id='word_1_135' title='bbox 582 2669 701 2763; x_wconf 91' lang='lat' dir='ltr'>primis</span> <span class='ocrx_word' id='word_1_136' title='bbox 737 2691 827 2762; x_wconf 90' lang='lat' dir='ltr'>quos</span> <span class='ocrx_word' id='word_1_137' title='bbox 855 2691 960 2763; x_wconf 88' lang='lat' dir='ltr'>supra</span> <span class='ocrx_word' id='word_1_138' title='bbox 990 2671 1164 2761; x_wconf 82' lang='lat' dir='ltr'>diximus:</span> 
     </span>
     <span class='ocr_line' id='line_1_21' title="bbox 145 2783 1166 2882; baseline 0.007 -29"><span class='ocrx_word' id='word_1_139' title='bbox 145 2783 182 2854; x_wconf 86' lang='lat' dir='ltr'>P.</span> <span class='ocrx_word' id='word_1_140' title='bbox 205 2784 420 2858; x_wconf 85' lang='lat' dir='ltr'>Gallandium</span> <span class='ocrx_word' id='word_1_141' title='bbox 439 2784 514 2882; x_wconf 88' lang='lat'>(5),</span> <span class='ocrx_word' id='word_1_142' title='bbox 533 2786 613 2858; x_wconf 86' lang='lat' dir='ltr'>Ant.</span> <span class='ocrx_word' id='word_1_143' title='bbox 635 2787 857 2875; x_wconf 71' lang='lat' dir='ltr'>consanum,</span> <span class='ocrx_word' id='word_1_144' title='bbox 877 2788 1166 2877; x_wconf 87' lang='lat' dir='ltr'>Viccmercatum,</span> 
     </span>
     <span class='ocr_line' id='line_1_22' title="bbox 146 2901 1169 2998; baseline 0.008 -28"><span class='ocrx_word' id='word_1_145' title='bbox 146 2901 270 2974; x_wconf 84' lang='lat' dir='ltr'>Jcach.</span> <span class='ocrx_word' id='word_1_146' title='bbox 289 2902 505 2993; x_wconf 74' lang='lat' dir='ltr'>Panionium,</span> <span class='ocrx_word' id='word_1_147' title='bbox 525 2904 775 2996; x_wconf 80' lang='lat' dir='ltr'>leodegarium</span> <span class='ocrx_word' id='word_1_148' title='bbox 790 2927 810 2975; x_wconf 84' lang='lat' dir='ltr'>a</span> <span class='ocrx_word' id='word_1_149' title='bbox 825 2905 983 2998; x_wconf 79' lang='lat' dir='ltr'>Quercu,</span> <span class='ocrx_word' id='word_1_150' title='bbox 999 2908 1169 2980; x_wconf 89' lang='lat' dir='ltr'>Muretum</span> 
     </span>
     <span class='ocr_line' id='line_1_23' title="bbox 145 3021 1171 3118; baseline 0.005 -26"><span class='ocrx_word' id='word_1_151' title='bbox 145 3029 180 3092; x_wconf 92' lang='lat' dir='ltr'>et</span> <span class='ocrx_word' id='word_1_152' title='bbox 195 3029 275 3092; x_wconf 89' lang='lat' dir='ltr'>ante</span> <span class='ocrx_word' id='word_1_153' title='bbox 289 3044 409 3095; x_wconf 90' lang='lat' dir='ltr'>omnes</span> <span class='ocrx_word' id='word_1_154' title='bbox 421 3023 494 3093; x_wconf 88' lang='lat' dir='ltr'>Jac.</span> <span class='ocrx_word' id='word_1_155' title='bbox 511 3021 793 3115; x_wconf 86' lang='lat' dir='ltr'>Carpentarium:</span> <span class='ocrx_word' id='word_1_156' title='bbox 816 3026 916 3116; x_wconf 91' lang='lat' dir='ltr'>cujus</span> <span class='ocrx_word' id='word_1_157' title='bbox 927 3036 1041 3098; x_wconf 87' lang='lat' dir='ltr'>tamen</span> <span class='ocrx_word' id='word_1_158' title='bbox 1059 3027 1171 3118; x_wconf 90' lang='lat' dir='ltr'>philo-</span> 
     </span>
    </p>
   </div>
   <div class='ocr_carea' id='block_1_4' title="bbox 113 3319 1174 4300">
    <p class='ocr_par' dir='ltr' id='par_1_5' title="bbox 147 3319 1172 3470">
     <span class='ocr_line' id='line_1_24' title="bbox 177 3319 1172 3388; baseline 0.001 -15"><span class='ocrx_word' id='word_1_159' title='bbox 177 3319 213 3387; x_wconf 89' lang='grc' dir='ltr'>(ι)</span> <span class='ocrx_word' id='word_1_160' title='bbox 229 3324 311 3376; x_wconf 80' lang='lat' dir='ltr'>tlarlae</span> <span class='ocrx_word' id='word_1_161' title='bbox 320 3327 411 3386; x_wconf 76' lang='lat' dir='ltr'>regine</span> <span class='ocrx_word' id='word_1_162' title='bbox 425 3324 535 3377; x_wconf 86' lang='lat' dir='ltr'>tratrem.</span> <span class='ocrx_word' id='word_1_163' title='bbox 549 3325 605 3375; x_wconf 82' lang='lat' dir='ltr'>Vld.</span> <span class='ocrx_word' id='word_1_164' title='bbox 618 3325 706 3383; x_wconf 79' lang='lat' dir='ltr'>hane,</span> <span class='ocrx_word' id='word_1_165' title='bbox 718 3337 744 3388; x_wconf 59' lang='lat' dir='ltr'>p«</span> <span class='ocrx_word' id='word_1_166' title='bbox 763 3329 790 3374; x_wconf 80' lang='lat' dir='ltr'>tt</span> <span class='ocrx_word' id='word_1_167' title='bbox 804 3359 811 3381; x_wconf 94' lang='lat'>‚</span> <span class='ocrx_word' id='word_1_168' title='bbox 829 3329 853 3374; x_wconf 88' lang='lat' dir='ltr'>ct</span> <span class='ocrx_word' id='word_1_169' title='bbox 865 3323 936 3374; x_wconf 83' lang='lat' dir='ltr'>Remi</span> <span class='ocrx_word' id='word_1_170' title='bbox 949 3325 1056 3374; x_wconf 83' lang='lat' dir='ltr'>Prooem.</span> <span class='ocrx_word' id='word_1_171' title='bbox 1067 3323 1172 3374; x_wconf 61' lang='lat' dir='ltr'>rnuthed</span> 
     </span>
     <span class='ocr_line' id='line_1_25' title="bbox 147 3408 286 3470; baseline 0.014 -14"><span class='ocrx_word' id='word_1_172' title='bbox 147 3412 221 3470; x_wconf 75' lang='lat' dir='ltr'>mat,</span> <span class='ocrx_word' id='word_1_173' title='bbox 233 3408 250 3456; x_wconf 92' lang='lat' dir='ltr'>l.</span> <span class='ocrx_word' id='word_1_174' title='bbox 266 3408 286 3458; x_wconf 88' lang='lat' dir='ltr'>l.</span> 
     </span>
    </p>

    <p class='ocr_par' dir='ltr' id='par_1_6' title="bbox 147 3483 1167 3638">
     <span class='ocr_line' id='line_1_26' title="bbox 180 3483 1167 3554; baseline 0 -14"><span class='ocrx_word' id='word_1_175' title='bbox 180 3491 213 3551; x_wconf 76' lang='lat'>(²)</span> <span class='ocrx_word' id='word_1_176' title='bbox 229 3491 319 3541; x_wconf 84' lang='lat' dir='ltr'>Worlrs</span> <span class='ocrx_word' id='word_1_177' title='bbox 330 3491 357 3542; x_wconf 88' lang='lat' dir='ltr'>ol</span> <span class='ocrx_word' id='word_1_178' title='bbox 367 3493 391 3542; x_wconf 84' lang='lat' dir='ltr'>l.</span> <span class='ocrx_word' id='word_1_179' title='bbox 401 3491 502 3551; x_wconf 65' lang='lat' dir='ltr'>llllton,</span> <span class='ocrx_word' id='word_1_180' title='bbox 515 3493 614 3554; x_wconf 59' lang='lat' dir='ltr'>histor,</span> <span class='ocrx_word' id='word_1_181' title='bbox 627 3491 697 3554; x_wconf 90' lang='lat' dir='ltr'>pcllt.</span> <span class='ocrx_word' id='word_1_182' title='bbox 709 3492 759 3541; x_wconf 83' lang='lat' dir='ltr'>aud</span> <span class='ocrx_word' id='word_1_183' title='bbox 770 3491 876 3541; x_wconf 78' lang='lat' dir='ltr'>miscell.</span> <span class='ocrx_word' id='word_1_184' title='bbox 890 3493 984 3551; x_wconf 73' lang='lat'>(1753),</span> <span class='ocrx_word' id='word_1_185' title='bbox 995 3495 1015 3541; x_wconf 86' lang='lat' dir='ltr'>l.</span> <span class='ocrx_word' id='word_1_186' title='bbox 1024 3483 1058 3549; x_wconf 81' lang='lat' dir='ltr'>ll,</span> <span class='ocrx_word' id='word_1_187' title='bbox 1071 3503 1095 3554; x_wconf 90' lang='lat' dir='ltr'>p.</span> <span class='ocrx_word' id='word_1_188' title='bbox 1107 3494 1167 3542; x_wconf 71' lang='lat' dir='ltr'>title</span> 
     </span>
     <span class='ocr_line' id='line_1_27' title="bbox 147 3573 1140 3638; baseline 0.001 -14"><span class='ocrx_word' id='word_1_189' title='bbox 147 3573 228 3624; x_wconf 74' lang='lat' dir='ltr'>Artis</span> <span class='ocrx_word' id='word_1_190' title='bbox 242 3576 332 3638; x_wconf 79' lang='lat' dir='ltr'>loptcoe</span> <span class='ocrx_word' id='word_1_191' title='bbox 343 3575 450 3636; x_wconf 70' lang='lat' dir='ltr'>plantor</span> <span class='ocrx_word' id='word_1_192' title='bbox 463 3577 596 3626; x_wconf 76' lang='lat' dir='ltr'>tostttutto</span> <span class='ocrx_word' id='word_1_193' title='bbox 611 3576 647 3625; x_wconf 82' lang='lat' dir='ltr'>cd</span> <span class='ocrx_word' id='word_1_194' title='bbox 663 3576 699 3626; x_wconf 86' lang='grc' dir='ltr'>Ρ.</span> <span class='ocrx_word' id='word_1_195' title='bbox 713 3576 792 3626; x_wconf 74' lang='lat' dir='ltr'>Romi</span> <span class='ocrx_word' id='word_1_196' title='bbox 801 3575 951 3626; x_wconf 71' lang='lat' dir='ltr'>methodum</span> <span class='ocrx_word' id='word_1_197' title='bbox 967 3575 1140 3625; x_wconf 52' lang='lat' dir='ltr'>commassata*</span> 
     </span>
    </p>

    <p class='ocr_par' dir='ltr' id='par_1_7' title="bbox 113 3649 885 3722">
     <span class='ocr_line' id='line_1_28' title="bbox 113 3649 885 3722; baseline -0.003 -12"><span class='ocrx_word' id='word_1_198' title='bbox 113 3702 120 3710; x_wconf 94' lang='lat'>.</span> <span class='ocrx_word' id='word_1_199' title='bbox 180 3656 216 3718; x_wconf 79' lang='lat' dir='ltr'>tt)</span> <span class='ocrx_word' id='word_1_200' title='bbox 231 3657 286 3708; x_wconf 78' lang='lat' dir='ltr'>Vld.</span> <span class='ocrx_word' id='word_1_201' title='bbox 301 3657 429 3713; x_wconf 72' lang='lat' dir='ltr'>bartolot,</span> <span class='ocrx_word' id='word_1_202' title='bbox 442 3657 518 3708; x_wconf 82' lang='lat' dir='ltr'>lle&#39;th.</span> <span class='ocrx_word' id='word_1_203' title='bbox 531 3669 649 3720; x_wconf 74' lang='lat' dir='ltr'>grecquc,</span> <span class='ocrx_word' id='word_1_204' title='bbox 663 3661 689 3708; x_wconf 90' lang='lat' dir='ltr'>ln</span> <span class='ocrx_word' id='word_1_205' title='bbox 701 3652 808 3718; x_wconf 70' lang='lat' dir='ltr'>luerat..</span> <span class='ocrx_word' id='word_1_206' title='bbox 817 3649 834 3722; x_wconf 66' lang='lat' dir='ltr'>S</span> <span class='ocrx_word' id='word_1_207' title='bbox 843 3657 885 3708; x_wconf 88' lang='lat'>111.</span> 
     </span>
    </p>

    <p class='ocr_par' dir='ltr' id='par_1_8' title="bbox 153 3741 906 3804">
     <span class='ocr_line' id='line_1_29' title="bbox 153 3741 906 3804; baseline 0.001 -13"><span class='ocrx_word' id='word_1_208' title='bbox 153 3789 157 3791; x_wconf 83' lang='lat'>.</span> <span class='ocrx_word' id='word_1_209' title='bbox 180 3742 214 3802; x_wconf 79' lang='lat' dir='ltr'>(t)</span> <span class='ocrx_word' id='word_1_210' title='bbox 229 3741 341 3802; x_wconf 77' lang='lat' dir='ltr'>duhest,</span> <span class='ocrx_word' id='word_1_211' title='bbox 351 3745 377 3791; x_wconf 90' lang='lat' dir='ltr'>ln</span> <span class='ocrx_word' id='word_1_212' title='bbox 388 3742 444 3792; x_wconf 82' lang='lat' dir='ltr'>Vita</span> <span class='ocrx_word' id='word_1_213' title='bbox 457 3742 545 3797; x_wconf 72' lang='lat' dir='ltr'>Romi,-</span> <span class='ocrx_word' id='word_1_214' title='bbox 557 3754 581 3804; x_wconf 93' lang='lat' dir='ltr'>p.</span> <span class='ocrx_word' id='word_1_215' title='bbox 596 3744 635 3792; x_wconf 81' lang='lat'>65.</span> <span class='ocrx_word' id='word_1_216' title='bbox 902 3756 906 3764; x_wconf 85' lang='grc'><em>’</em></span> 
     </span>
    </p>

    <p class='ocr_par' dir='ltr' id='par_1_9' title="bbox 148 3823 1174 4300">
     <span class='ocr_line' id='line_1_30' title="bbox 180 3823 1174 3886; baseline 0.003 -16"><span class='ocrx_word' id='word_1_217' title='bbox 180 3823 214 3885; x_wconf 76' lang='lat'>(5)</span> <span class='ocrx_word' id='word_1_218' title='bbox 229 3842 240 3868; x_wconf 74' lang='grc' dir='ltr'><strong>ι</strong></span> <span class='ocrx_word' id='word_1_219' title='bbox 254 3823 325 3874; x_wconf 77' lang='lat' dir='ltr'>Unus</span> <span class='ocrx_word' id='word_1_220' title='bbox 339 3825 367 3874; x_wconf 78' lang='lat' dir='ltr'>P.</span> <span class='ocrx_word' id='word_1_221' title='bbox 381 3823 529 3874; x_wconf 85' lang='lat' dir='ltr'>Gallandlus</span> <span class='ocrx_word' id='word_1_222' title='bbox 540 3828 640 3886; x_wconf 83' lang='lat' dir='ltr'>signum</span> <span class='ocrx_word' id='word_1_223' title='bbox 654 3825 757 3886; x_wconf 77' lang='lat' dir='ltr'>extulit,</span> <span class='ocrx_word' id='word_1_224' title='bbox 774 3829 799 3874; x_wconf 88' lang='lat' dir='ltr'>et</span> <span class='ocrx_word' id='word_1_225' title='bbox 813 3825 907 3876; x_wconf 84' lang='lat' dir='ltr'>multos</span> <span class='ocrx_word' id='word_1_226' title='bbox 921 3827 947 3874; x_wconf 84' lang='lat' dir='ltr'>in</span> <span class='ocrx_word' id='word_1_227' title='bbox 964 3825 1072 3874; x_wconf 85' lang='lat' dir='ltr'>hamum</span> <span class='ocrx_word' id='word_1_228' title='bbox 1087 3824 1174 3874; x_wconf 79' lang='lat' dir='ltr'>hostes</span> 
     </span>
     <span class='ocr_line' id='line_1_31' title="bbox 148 3907 1170 3970; baseline -0.001 -14"><span class='ocrx_word' id='word_1_229' title='bbox 148 3907 292 3966; x_wconf 83' lang='lat' dir='ltr'>suscitarit;</span> <span class='ocrx_word' id='word_1_230' title='bbox 307 3909 432 3970; x_wconf 82' lang='lat' dir='ltr'>inprimis</span> <span class='ocrx_word' id='word_1_231' title='bbox 446 3907 594 3958; x_wconf 88' lang='lat' dir='ltr'>domesticos</span> <span class='ocrx_word' id='word_1_232' title='bbox 613 3907 660 3957; x_wconf 85' lang='lat' dir='ltr'>slhl</span> <span class='ocrx_word' id='word_1_233' title='bbox 673 3913 699 3958; x_wconf 91' lang='lat' dir='ltr'>et</span> <span class='ocrx_word' id='word_1_234' title='bbox 714 3907 919 3966; x_wconf 84' lang='lat' dir='ltr'>eontuhcmules,</span> <span class='ocrx_word' id='word_1_235' title='bbox 934 3907 1095 3967; x_wconf 83' lang='lat' dir='ltr'>Turnehum,</span> <span class='ocrx_word' id='word_1_236' title='bbox 1108 3907 1170 3955; x_wconf 85' lang='lat' dir='ltr'>Gar-</span> 
     </span>
     <span class='ocr_line' id='line_1_32' title="bbox 148 3987 1170 4051; baseline 0 -15"><span class='ocrx_word' id='word_1_237' title='bbox 148 3990 303 4050; x_wconf 83' lang='lat' dir='ltr'>pentarium,</span> <span class='ocrx_word' id='word_1_238' title='bbox 314 3989 451 4051; x_wconf 76' lang='lat' dir='ltr'>Quorsum,</span> <span class='ocrx_word' id='word_1_239' title='bbox 462 3991 661 4040; x_wconf 85' lang='lat' dir='ltr'>vicomercutum</span> <span class='ocrx_word' id='word_1_240' title='bbox 673 3994 698 4039; x_wconf 88' lang='lat' dir='ltr'>st</span> <span class='ocrx_word' id='word_1_241' title='bbox 710 3989 773 4038; x_wconf 88' lang='lat' dir='ltr'>alios</span> <span class='ocrx_word' id='word_1_242' title='bbox 784 4002 870 4039; x_wconf 89' lang='lat' dir='ltr'>secum</span> <span class='ocrx_word' id='word_1_243' title='bbox 881 3991 1051 4050; x_wconf 88' lang='lat' dir='ltr'>consplrantes</span> <span class='ocrx_word' id='word_1_244' title='bbox 1061 3990 1088 4036; x_wconf 91' lang='lat' dir='ltr'>lu</span> <span class='ocrx_word' id='word_1_245' title='bbox 1098 3987 1170 4036; x_wconf 84' lang='lat' dir='ltr'>Ruml</span> 
     </span>
     <span class='ocr_line' id='line_1_33' title="bbox 148 4069 1172 4135; baseline -0.001 -17"><span class='ocrx_word' id='word_1_246' title='bbox 148 4073 297 4131; x_wconf 78' lang='lat' dir='ltr'>perniciem,</span> <span class='ocrx_word' id='word_1_247' title='bbox 317 4071 490 4133; x_wconf 79' lang='lat' dir='ltr'>modiumque</span> <span class='ocrx_word' id='word_1_248' title='bbox 506 4072 563 4135; x_wconf 87' lang='lat' dir='ltr'>plus</span> <span class='ocrx_word' id='word_1_249' title='bbox 581 4083 659 4134; x_wconf 81' lang='lat' dir='ltr'>qnam</span> <span class='ocrx_word' id='word_1_250' title='bbox 669 4071 844 4132; x_wconf 75' lang='lat' dir='ltr'>latinianum,</span> <span class='ocrx_word' id='word_1_251' title='bbox 863 4075 891 4118; x_wconf 90' lang='lat' dir='ltr'>ut</span> <span class='ocrx_word' id='word_1_252' title='bbox 908 4069 1068 4126; x_wconf 84' lang='lat' dir='ltr'>Gcrennum,</span> <span class='ocrx_word' id='word_1_253' title='bbox 1086 4069 1172 4118; x_wconf 61' lang='lat' dir='ltr'>Portos</span> 
     </span>
     <span class='ocr_line' id='line_1_34' title="bbox 149 4151 1174 4216; baseline -0.002 -14"><span class='ocrx_word' id='word_1_254' title='bbox 149 4156 234 4212; x_wconf 86' lang='lat' dir='ltr'>ntum,</span> <span class='ocrx_word' id='word_1_255' title='bbox 249 4153 374 4204; x_wconf 80' lang='lat' dir='ltr'>Muretum</span> <span class='ocrx_word' id='word_1_256' title='bbox 388 4158 413 4204; x_wconf 85' lang='lat' dir='ltr'>et</span> <span class='ocrx_word' id='word_1_257' title='bbox 428 4155 489 4204; x_wconf 86' lang='lat' dir='ltr'>allos</span> <span class='ocrx_word' id='word_1_258' title='bbox 502 4155 651 4213; x_wconf 86' lang='lat' dir='ltr'>nonnullos,</span> <span class='ocrx_word' id='word_1_259' title='bbox 661 4155 703 4216; x_wconf 86' lang='lat' dir='ltr'>qul</span> <span class='ocrx_word' id='word_1_260' title='bbox 721 4151 797 4202; x_wconf 80' lang='lat' dir='ltr'>variis</span> <span class='ocrx_word' id='word_1_261' title='bbox 808 4151 974 4208; x_wconf 81' lang='lat' dir='ltr'>orationihus,</span> <span class='ocrx_word' id='word_1_262' title='bbox 986 4151 1026 4200; x_wconf 87' lang='lat' dir='ltr'>vel</span> <span class='ocrx_word' id='word_1_263' title='bbox 1037 4152 1118 4212; x_wconf 87' lang='lat' dir='ltr'>potius</span> <span class='ocrx_word' id='word_1_264' title='bbox 1129 4154 1174 4200; x_wconf 54' lang='lat' dir='ltr'>tri-³</span> 
     </span>
     <span class='ocr_line' id='line_1_35' title="bbox 149 4233 1062 4300; baseline 0.001 -18"><span class='ocrx_word' id='word_1_265' title='bbox 149 4239 251 4287; x_wconf 83' lang='lat' dir='ltr'>reclivis</span> <span class='ocrx_word' id='word_1_266' title='bbox 268 4236 375 4287; x_wconf 78' lang='lat' dir='ltr'>hamum</span> <span class='ocrx_word' id='word_1_267' title='bbox 389 4239 585 4300; x_wconf 78' lang='lat' dir='ltr'>perstrinxerunt</span> <span class='ocrx_word' id='word_1_268' title='bbox 596 4237 762 4294; x_wconf 81' lang='lat' dir='ltr'>atrocissime,</span> <span class='ocrx_word' id='word_1_269' title='bbox 773 4239 820 4284; x_wconf 68' lang='lat' dir='ltr'>nte,</span> <span class='ocrx_word' id='word_1_270' title='bbox 833 4233 972 4293; x_wconf 72' lang='lat' dir='ltr'>»Naucel.,</span> <span class='ocrx_word' id='word_1_271' title='bbox 984 4246 1011 4295; x_wconf 71' lang='lat' dir='ltr'>pr</span> <span class='ocrx_word' id='word_1_272' title='bbox 1021 4238 1062 4283; x_wconf 75' lang='lat' dir='ltr'>cc.-</span> 
     </span>
    </p>
   </div>
   <div class='ocr_carea' id='block_1_5' title="bbox 0 0 1471 5066">
    <p class='ocr_par' dir='ltr' id='par_1_10' title="bbox 0 0 1471 5066">
     <span class='ocr_line' id='line_1_36' title="bbox 0 0 1471 5066; baseline 0 0"><span class='ocrx_word' id='word_1_273' title='bbox 0 0 1471 5066; x_wconf 95' lang='lat' dir='ltr'> </span> 
     </span>
    </p>
   </div>
  </div>
 </body>
</html>
