2912 5066
568 445 784 522 ——llt9—

162 606 385 700 syllogismos
413 606 596 677 continuos
619 606 665 677 ad
697 608 847 676 maxime
876 605 1037 699 specialia
1063 627 1185 698 perve-

163 724 292 812 niatur,
309 745 387 794 eam
404 723 573 794 doctrinae
587 724 789 795 methodum
807 725 988 807 instaurat,
1007 745 1087 813 quae
1104 745 1185 813 geo·

164 843 322 912 metriam
338 843 467 934 optime
479 843 618 930 deceat,
634 843 807 912 universae
825 851 939 913 autem
953 841 1105 912 scientiae
1123 864 1183 912 ne·

165 983 343 1052 quaquam
358 961 451 1030 utilis
465 981 541 1031 esse
559 971 686 1052 queat:
703 961 854 1056 analysis
870 982 993 1054 nempe
1007 983 1089 1052 quae
1102 982 1185 1054 syn-

164 1079 277 1149 thesin
296 1079 493 1171 praecedere
503 1077 620 1166 debet,
635 1079 671 1147 in
684 1079 811 1150 Remea
824 1079 1005 1150 dialectica
1016 1079 1184 1170 sequitur,

163 1217 369 1286 quanquam
391 1218 511 1267 earum
533 1205 693 1266 naturam
713 1198 797 1267 satis
813 1205 893 1288 apte
910 1197 1048 1267 videtur
1064 1197 1184 1268 obser-

165 1335 266 1384 vasse
280 1313 309 1406 (l
319 1317 345 1409 ).
362 1315 464 1398 Quod
478 1323 594 1385 autem
609 1314 844 1385 inductionem
859 1335 982 1406 parum
998 1314 1182 1400 curaverit,

166 1433 236 1502 imo
256 1433 466 1522 ignoraverit
486 1431 554 1526 (2),
574 1432 658 1501 nihil
676 1431 959 1521 conquerendum
980 1440 1086 1523 puto,
1105 1453 1185 1501 cum

166 1552 238 1620 lere
256 1571 376 1620 omncs
395 1559 495 1624 antea
517 1550 731 1642 philosophi,
751 1549 920 1641 multique
937 1558 1018 1642 post
1038 1550 1185 1619 hamum

166 1668 258 1738 idem
278 1668 418 1738 iecerint
432 1666 497 1761 (3).
516 1669 637 1758 Neque
649 1687 733 1737 vero
753 1665 827 1736 fieri
843 1675 956 1759 potest
972 1667 1055 1758 quin
1073 1667 1185 1757 logica

165 1783 211 1852 ab
229 1767 458 1854 humanarum
483 1785 685 1854 facultatum
705 1783 849 1854 scientia
873 1784 1043 1876 pendeat:
1060 1805 1139 1875 quae
1158 1785 1187 1854 si

166 1909 304 1994 peracta
329 1925 484 1993 unquam
510 1903 631 1990 luerit,
655 1904 805 1994 perfecta
824 1901 906 1972 inde
927 1903 1041 1993 logica
1064 1923 1185 1972 conse-

166 2029 295 2110 quatur
317 2043 456 2091 neeesse
475 2030 546 2108 est,
570 2021 624 2091 sin
641 2020 778 2108 minus,
798 2021 995 2112 imperfecta
1020 2029 1135 2090 manet
1152 2029 1188 2090 et

166 2137 376 2230 interrupta,
393 2159 501 2228 quum
518 2140 611 2228 leges
627 2137 669 2208 iis
687 2138 908 2208 facultatibus
924 2139 1100 2231 imponere
1116 2159 1185 2207 non

166 2253 283 2340 liceat,
305 2275 453 2344 quarum
477 2263 600 2324 natura
624 2256 680 2324 vel
707 2277 832 2326 nomen
856 2256 970 2348 ipsum
993 2256 1184 2346 ignoretur.

167 2372 299 2462 ltaque,
308 2392 388 2440 cum
398 2372 526 2442 liamus
538 2380 689 2462 quatuor
703 2381 836 2442 tantum
847 2372 1112 2462 inintelligentia
1123 2372 1187 2441 hu-

167 2510 269 2559 mana
286 2471 485 2577 facultates,
501 2490 750 2582 experientiam
764 2512 888 2583 nempe
905 2499 939 2560 et
953 2491 1183 2579 intellectum,

167 2608 437 2700 nemoriamque
462 2617 496 2678 et
520 2608 838 2697 ratiocinationem,
857 2608 1041 2700 agnovisse
1064 2607 1185 2680 videa·

167 2736 236 2812 tur,
254 2725 338 2794 nihil
357 2726 483 2796 mirum
501 2734 570 2813 est,
590 2723 619 2794 si
635 2724 836 2795 methodum
854 2725 1073 2817 logicamque
1087 2746 1186 2796 suam

164 2865 301 2914 onmem
319 2845 365 2915 ita
379 2843 574 2930 instituerit,
588 2852 627 2912 ut
636 2843 690 2912 isti
701 2844 842 2934 quidem
856 2845 1069 2938 imperfecto,
1082 2867 1187 2936 quem

164 2961 230 3032 sibi
257 2963 432 3051 finxisset,
464 2962 595 3033 homini
623 2962 707 3033 satis
736 2972 815 3057 apte
839 2966 1059 3051 conveniret,
1088 2973 1186 3035 extra

165 3089 279 3150 autem
298 3079 397 3151 fictos
412 3081 536 3150 limites
549 3081 635 3150 falsa
654 3100 799 3173 prorsus
815 3089 849 3150 et
865 3081 995 3151 inutilis
1008 3080 1182 3151 evaderet.

213 3199 295 3269 Haec
313 3199 415 3268 nobis
436 3199 480 3269 de
504 3198 692 3268 dialecticis
714 3197 811 3267 Rami
833 3197 1016 3289 praeceptis
1037 3197 1186 3268 dicenda

197 3528 230 3590 (t)
246 3527 327 3578 schol.
343 3529 413 3588 dial,
425 3529 442 3577 1.
455 3528 512 3593 llll,
527 3529 646 3579 Gorollar.
656 3529 687 3578 de
700 3529 815 3587 Exercit,
830 3527 934 3578 achilli
951 3526 1006 3592 led.
1022 3525 1104 3592 1818).

197 3609 232 3674 (2)
247 3611 360 3661 inductio
368 3615 394 3660 in
413 3613 549 3662 Dialecticae
569 3613 623 3661 libr.
635 3611 671 3671 ll,
689 3623 721 3660 ne
730 3611 805 3660 semel
818 3611 920 3672 quidem
929 3615 1083 3661 nominatur.
1095 3614 1122 3662 ln
1133 3615 1189 3663 ollis

165 3699 249 3744 autem
258 3694 329 3744 Romi
340 3697 436 3757 scriptis
450 3698 484 3744 ita
497 3695 658 3754 describitur,
678 3698 706 3743 ut
717 3707 773 3744 eam
785 3707 838 3744 esse
849 3696 1023 3758 syllogismum
1041 3697 1072 3746 ab
1083 3709 1188 3747 enume-

164 3781 258 3828 ratione
271 3781 379 3841 partium
394 3778 554 3828 manifestum
569 3777 612 3828 sit.
627 3778 708 3827 schol.
721 3779 793 3838 diat,
804 3777 847 3827 lib.
860 3779 913 3828 Vlll
923 3815 931 3838 ‚
943 3793 964 3829 c.
980 3786 1020 3838 tt;
1035 3781 1053 3830 l.
1065 3779 1112 3838 lx,
1129 3793 1152 3828 c.
1167 3788 1187 3828 1.

193 3860 231 3925 (3)
247 3862 292 3911 Ars
302 3863 423 3924 cogitandi
433 3863 603 3912 inductionem
612 3862 685 3925 plane
695 3863 797 3911 omittit.
806 3861 949 3913 Gessendus
957 3866 992 3912 ita
1004 3864 1189 3927 loquiturdnst.

164 3945 223 4006 tog..
237 3957 263 4007 p.
279 3945 312 3993 lll
322 3981 328 4004 ‚
340 3957 397 3994 can.
414 3947 455 4005 tl)
469 3965 475 3994 ε
491 3965 501 3988 ι
516 3946 630 3995 inductio
642 3949 679 3996 est
689 3944 926 4010 alterutrinsflgurae
929 3977 978 3995 .....
990 3932 1112 4008 Sipraeter
1123 3959 1190 3996 enu-

164 4031 259 4076 merata
268 4028 303 4088 (in
315 4027 468 4091 inductione)
480 4031 595 4078 existeret
604 4028 672 4077 aliud
681 4027 824 4089 quidpiam,
833 4029 965 4076 conclusio
974 4028 1087 4076 evaderet
1097 4028 1187 4077 laisa.-

165 4111 312 4171 lpseautcm
320 4111 384 4162 Baco
396 4111 581 4161 de'induotlone
592 4116 644 4161 turn
658 4111 762 4160 obscure
775 4112 898 4172 precipit,
913 4113 942 4159 ut
955 4109 1111 4171 Gessendus,
1122 4112 1183 4160 duni

164 4195 232 4244 illius
243 4195 349 4256 logicam
367 4199 480 4256 enarrat,
500 4195 561 4245 nihil
575 4196 605 4245 de
625 4196 666 4244 illo
680 4195 770 4243 mentis
788 4195 929 4255 operatione
944 4192 1057 4243 observet
1075 4193 1124 4255 (lie
1136 4195 1184 4255 log-

164 4279 227 4336 oria.
239 4281 340 4337 atron,
355 4291 378 4327 c.
391 4277 443 4340 to).
