2916 5062
703 410 898 478 ...68-

333 565 404 638 Sed
428 566 501 656 J'am
534 568 581 638 ad
607 587 648 638 ea
688 569 889 656 veniamus,
927 589 1008 660 quae
1041 581 1081 640 ut
1112 571 1313 643 iracundam

288 705 420 754 atraere
457 684 669 778 Carpentarii
711 686 911 775 invidiam,
950 686 997 757 ita
1037 689 1313 762 crudelissimum

286 803 395 874 llamo
426 803 533 874 fatum
562 814 771 897 paraverunt
798 832 806 874 :
831 805 1070 879 contentiones
1094 808 1237 900 inquam
1271 810 1316 881 dc

287 921 381 1012 regia
401 923 653 994 mathematicae
670 923 893 1017 professionis
920 923 1085 997 cathedra
1112 927 1311 999 acerrimas.

287 1041 392 1131 Cujus
409 1042 644 1134 adipiscendae
662 1065 771 1134 quum
787 1042 940 1114 maxima
958 1044 1146 1137 cupiditate
1161 1043 1314 1138 Carpen-

287 1159 396 1232 tarius
428 1159 617 1252 flagraret,
655 1160 734 1232 licet
768 1160 1090 1232 mathematicorum
1125 1162 1316 1234 admodum

286 1279 451 1372 ignarus,
476 1301 578 1351 suam
614 1279 686 1350 sihi-
704 1279 937 1370 ignorantiam
973 1281 1111 1373 publice
1140 1282 1316 1353 multoties

286 1397 390 1489 objici
415 1397 558 1490 indigne
575 1397 680 1486 tulit,
710 1400 855 1490 solaque
878 1399 1068 1472 adversarii
1093 1410 1203 1471 morte
1231 1423 1313 1494 pro·

285 1517 388 1588 hrum
407 1517 538 1588 aboleri
553 1537 657 1610 posse
669 1517 856 1588 arbitratus
873 1526 936 1588 est.
966 1519 1034 1589 Res
1057 1540 1140 1590 vero
1165 1540 1185 1590 a
1203 1521 1315 1613 prima

287 1635 421 1726 origine
434 1635 628 1706 enarranda
643 1642 706 1705 est.

335 1753 448 1836 Quum
466 1772 557 1822 anno
575 1753 695 1841 l565,
717 1754 850 1823 octobri
871 1775 1009 1842 mense,
1029 1755 1228 1826 Paschalius
1243 1757 1317 1826 Ha*

288 1872 431 1959 melius,
469 1871 586 1961 regius
613 1870 932 1942 mathematicorum
966 1873 1092 1943 artium
1122 1875 1312 1968 professor,

285 1991 441 2062 decanus
462 2042 471 2078 ,
499 1988 604 2061 evita
626 1989 828 2060 decessisset
847 1987 924 2085 (t),
946 1990 1027 2061 huic
1049 1991 1313 2084 homoquidam

288 2111 437 2197 siculus,
466 2107 605 2180 nomine
630 2109 833 2200 Dampestra
859 2109 1033 2199 Cosellus,
1063 2111 1316 2184 mathematicae

289 2229 481 2321 disciplinae
494 2227 662 2298 nonsatis
678 2227 825 2319 peritus,
846 2238 1072 2300 successerat.
1089 2229 1158 2301 Sed
1180 2252 1201 2301 a
1215 2231 1315 2302 Petro

288 2349 396 2423 Remo
408 2400 423 2435 .,
444 2345 581 2436 collegii
596 2344 683 2435 regii
706 2345 840 2417 decano
856 2345 908 2440 (2)
921 2347 1119 2418 admonitus
1143 2350 1313 2443 primum,

228 2494 231 2500 ·
290 2473 361 2536 tum
381 2487 445 2559 pro
466 2465 631 2536 tribunali
659 2464 835 2555 regiorum
866 2473 1093 2557 patronorum
1113 2469 1314 2555 excitatae,

288 2606 369 2656 cum
391 2585 507 2677 palam
524 2584 811 2669 demonstrasset,
841 2603 947 2672 quam
968 2604 1010 2652 ea
1026 2583 1241 2676 professione
1261 2585 1315 2654 in·

288 2703 535 2794 dignusesset,
556 2702 914 2772 senatus-consultum
926 2701 1135 2790 factumest,
1158 2712 1196 2772 ut
1210 2704 1315 2774 homo

288 2821 334 2893 ad
347 2841 494 2894 examen
511 2819 749 2890 traduceretur
764 2817 835 2915 (3).
852 2819 1002 2888 Instante
1011 2827 1179 2912 praeterea
1188 2820 1312 2903 Remu,

288 2938 493 3034 scriptisque
521 2936 623 3028 regi,
654 2936 855 3032 reginaeque
880 2935 1003 3024 matri,
1040 2935 1206 3007 cardinali
1230 2937 1312 3009 Car·

288 3055 428 3129 tollonio
455 3063 561 3147 atque
583 3053 763 3126 Valentino
789 3054 954 3148 episcopo
977 3055 1151 3149 llonlucio
1177 3056 1310 3147 literis,

283 3176 386 3270 jussit
401 3195 464 3247 rex
481 3181 520 3244 ut
533 3173 737 3269 Dampestra
754 3173 928 3266 ceterique
943 3173 1106 3267 deinceps
1121 3175 1167 3247 ad
1182 3177 1312 3268 regiam

287 3294 536 3387 professionem
561 3291 736 3365 candidati
754 3291 893 3384 publice
916 3313 936 3362 a
956 3299 1029 3363 toto
1047 3293 1194 3385 collegio
1215 3294 1312 3386 regio

318 3671 355 3736 (t)
369 3670 423 3720 th.
439 3668 579 3720 demonstr.
593 3667 666 3717 latete
683 3679 727 3728 par
741 3667 769 3717 P.
786 3667 816 3717 de
832 3667 856 3716 ta
874 3665 966 3718 Ramee
982 3666 1219 3731 incensaturus,
1237 3678 1269 3717 an
1286 3668 1311 3717 la

287 3752 406 3804 chambre
416 3751 450 3802 du
464 3763 519 3813 roy,
530 3762 563 3800 au
579 3749 690 3808 lourrc,
705 3749 729 3798 lc
745 3752 770 3797 18
781 3751 852 3810 lanu.
867 3751 937 3800 teet.

317 3837 352 3904 (ft
362 3836 422 3888 lhtd.
437 3854 449 3880 ι
462 3832 611 3885 Admoneste
627 3845 671 3896 pur
683 3845 752 3894 moy,
768 3843 865 3882 comme
880 3831 905 3882 le
917 3832 975 3896 plus
986 3833 1075 3884 ancien
1086 3831 1118 3882 de
1131 3832 1157 3882 la
1167 3835 1312 3896 campagnia

284 3923 342 3972 etle
351 3919 407 3984 plus
418 3916 511 3982 preste
524 3920 613 3966 mettre
626 3927 658 3964 cn
669 3914 694 3964 la
704 3913 782 3974 fosse,
795 3927 844 3977 que
858 3925 922 3964 nous
933 3912 1052 3977 appetens
1060 3913 1150 3976 deren.
1164 3931 1176 3958 ι
1188 3940 1221 3952 -
1235 3931 1247 3957 ι
1260 3914 1312 3964 flue

285 4008 353 4055 entrn
367 4002 557 4055 diuturnisetmo
567 3999 640 4060 reate
654 3997 812 4061 prolesstcnts
824 3996 916 4056 labore,
927 3997 1038 4048 decanum
1049 3998 1108 4058 regit
1120 3995 1216 4058 collegit
1227 3996 1311 4048 adhuc

285 4087 402 4138 delinitus
413 4091 459 4138 est.
471 4087 510 4136 sie
520 4084 639 4136 orontius
651 4084 760 4146 primus.
775 4083 811 4132 sic
822 4079 954 4132 strazettus
962 4080 1104 4140 sccundus,
1116 4081 1152 4130 stc
1163 4078 1311 4132 Gallandtue
1371 4085 1378 4094 '

285 4175 387 4234 tertius,
398 4173 434 4220 stc
447 4169 574 4220 llamellus
588 4171 706 4230 quamue,
721 4166 807 4216 deoaot
818 4164 929 4214 fuerunt.
944 4181 956 4210 r
970 4164 1024 4214 tot.
1037 4163 1116 4214 math.
1135 4175 1184 4213 seo.
1280 4188 1283 4196 -κ

315 4252 349 4317 (a)
362 4251 417 4300 Act.
427 4251 547 4306 matham,
561 4259 625 4308 sea,
636 4249 691 4297 lntt.
