2912 5066
566 425 785 500 -loe-

159 584 254 660 tenta
273 585 452 680 respiciet,
478 602 596 658 veram
622 585 771 658 subinde
789 585 933 658 ilameae
958 580 1187 680 philosophie

162 709 315 781 indolem
342 703 596 797 deprehendet,
619 713 756 795 atquae
784 703 886 776 luerit
912 705 969 775 illa
990 705 1086 776 llami
1106 707 1186 776 cunt

159 825 305 902 Socrate
321 832 356 896 et
373 822 515 895 Platone
528 820 689 914 cognatio
706 821 806 896 facile
820 822 996 914 intelliget.

211 943 289 1018 Fuit
302 962 427 1034 nempe
440 939 530 1012 sexti
542 940 668 1013 decimi
682 940 789 1013 seculi
803 941 1022 1035 philosophia
1037 962 1107 1012 non
1123 940 1188 1014 ad·

166 1061 309 1133 modom
336 1059 382 1130 ah
408 1059 466 1130 illa
493 1059 687 1147 dissimilis,
720 1081 827 1151 quam
852 1062 1013 1132 Socrates
1042 1061 1124 1132 olim
1155 1060 1190 1130 in

163 1179 300 1252 Graecia
333 1177 535 1250 offenderat.
565 1177 661 1249 Tunc
688 1178 779 1248 enim
812 1180 1045 1271 cosmologica
1071 1197 1194 1250 rursus·

168 1300 285 1390 vigere
309 1303 515 1390 systemata,
542 1295 638 1368 haud
658 1296 727 1366 alia
742 1305 920 1368 exstructa
937 1297 1071 1368 ratione
1086 1309 1193 1388 qnam

167 1415 352 1492 Democriti
380 1414 506 1488 'vetoris
535 1423 597 1488 aut
632 1414 846 1488 Parmenidis
878 1415 1067 1504 doctrinae;
1111 1426 1193 1488 tunc

165 1536 270 1606 etiam
289 1533 488 1627 sophisticae
510 1533 799 1620 declamationes,
820 1543 857 1605 et
878 1535 913 1606 in
931 1551 1025 1606 verim
1042 1534 1192 1628 philesoae

168 1655 260 1748 phile
276 1656 392 1726 locum
412 1647 532 1726 inanes
551 1654 699 1746 argutiae
717 1649 925 1745 jamdudum
944 1654 1060 1726 schira
1077 1675 1193 1747 omps·-

168 1783 256 1846 rant.
279 1773 400 1845 Eidem
422 1774 515 1845 malo
535 1773 725 1846 remedium
742 1773 833 1845 idem
855 1771 1091 1846 adhibendum
1113 1775 1190 1846 init.

164 1889 301 1964 Scilicet
317 1889 347 1961 si
361 1901 432 1960 non
447 1911 468 1962 a
485 1891 589 1978 coelo,
611 1897 754 1962 atcerte
774 1905 798 1960 a
815 1890 966 1989 nuhihus
984 1913 1105 1962 rursus
1119 1903 1193 1963 erat

164 2009 346 2080 avocanda
361 2009 601 2102 philosophia,
621 2009 668 2081 ad
684 2031 859 2101 usumque
872 2009 953 2081 vitm
970 2011 1188 2100 reducenda;

168 2127 331 2217 fugandas
350 2137 447 2199 arant
470 2127 681 2222 hypotheses
702 2130 964 2221 cosmologicae,
988 2150 1141 2220 veraque
1156 2141 1191 2202 et

167 2245 259 2316 utilis
282 2245 507 2319 instauranda
531 2246 760 2318 ratiocinandi
780 2248 983 2335 methodus3
1005 2257 1041 2319 at
1064 2249 1099 2318 in
1121 2250 1192 2342 pri-

166 2365 232 2438 mis
247 2366 401 2457 argutias
415 2377 535 2437 omnes
550 2364 768 2456 sterilemque
784 2366 1008 2459 sophisticam
1020 2369 1191 2460 expellere

165 2507 256 2578 opus
277 2494 362 2556 erat
390 2485 476 2568 Quae
494 2483 635 2576 quidem
656 2483 771 2554 omnia
793 2505 903 2574 quum
928 2485 1087 2554 Socrates
1107 2485 1188 2555 olim

166 2605 369 2696 perfecerit,
388 2604 516 2676 llamus
534 2601 569 2672 in
584 2601 754 2674 consimili
770 2610 925 2693 tempore
940 2611 1116 2689 versatus,
1135 2625 1194 2674 sa-

166 2723 364 2816 pientiaque
382 2723 439 2792 illa
455 2720 624 2793 socratica
640 2721 810 2809 imbutus,
826 2720 947 2792 eadem
965 2721 1036 2792 lere
1051 2721 1191 2811 omnia,

166 2841 292 2912 minori
311 2839 456 2930 quidem
471 2839 629 2930 ingenio,
645 2840 709 2913 sed
727 2839 801 2932 pari
820 2839 1014 2910 constantia
1031 2841 1187 2912 tenerit.

167 2960 239 3030 Hac
265 2958 358 3029 enim
379 2966 491 3028 mente
509 2957 691 3046 inductus,
715 2968 754 3028 ut
773 2959 945 3030 sincerum
962 2959 1192 3054 philosophiae

167 3099 269 3148 usum
287 3076 526 3167 rationemque
535 3097 654 3147 veram
665 3077 772 3149 libere
788 3078 1020 3169 cogitantibus
1038 3080 1191 3154 restituo·
1297 3145 1303 3150 .

168 3203 241 3284 ret,
270 3204 425 3266 veterum
453 3195 761 3289 philosophorum,
785 3194 980 3268 Aristotelis
1009 3197 1043 3266 in
1073 3198 1194 3291 primis
1269 3201 1271 3208 ’

166 3318 429 3405 auctoritatem,
455 3339 537 3409 qum
555 3318 772 3411 potissimum
792 3317 858 3388 sihi
876 3317 1118 3408 objiciebatur,
1139 3321 1190 3390 la-

168 3438 326 3508 hofacere
340 3458 526 3529 aggressus
544 3446 617 3526 est3
641 3436 756 3527 utqui
772 3449 852 3506 eum
869 3444 938 3506 tam
957 3436 1081 3506 acriter
1095 3433 1193 3508 Aris«

169 3557 263 3628 toteli
279 3556 389 3628 obniti
407 3557 585 3646 viderent,
608 3555 977 3650 anti-peripateticum,
996 3555 1192 3628 ardentem-

168 3696 238 3765 que
271 3677 456 3770 platonicae
493 3685 597 3746 sectae
627 3676 796 3747 fautorem
822 3674 938 3769 potius
966 3695 1072 3767 quam
1100 3695 1196 3748 verae

169 3793 397 3888 philosophiae
426 3793 619 3865 studiosum
644 3815 720 3865 esse
743 3803 931 3865 censerent.
961 3793 1081 3886 Neque
1104 3803 1197 3865 recte

173 3920 303 4000 tamen,
326 3913 354 3983 si
368 3915 476 3983 Ramo
498 3912 564 4005 ipsi
583 3912 747 4000 creditur,
770 3934 877 4003 quum
894 3933 970 3984 sese
987 3934 1099 4002 neque
1120 3914 1193 4004 pla*

173 4031 344 4119 lonicum,
358 4052 472 4122 neque
486 4031 730 4102 aristotelicum
745 4052 821 4102 esse
832 4031 976 4100 affirmet
988 4030 1040 4098 his
1055 4031 1190 4098 verbis:

175 4151 349 4244 «Scripsit
373 4171 482 4243 nuper
506 4151 647 4242 quidam
667 4172 686 4219 a
706 4151 741 4218 11.
768 4151 874 4218 Remo
897 4147 1095 4218 methodum
1120 4147 1193 4240 pla«

172 4269 321 4338 tonicam
350 4268 512 4360 probari,
546 4267 787 4338 aristotelicam
818 4263 999 4335 contemni.
1034 4262 1095 4333 Hic
1131 4265 1196 4348 vir,
