2916 5062
311 504 410 568 nesta
424 495 500 591 (l),
524 495 739 570 denuntiant.
759 499 869 588 liujus
885 500 1088 570 memoriam
1106 500 1186 592 quis
1201 508 1253 572 est
1268 499 1330 592 qui

313 634 385 684 non
401 619 623 688 exsecretur?

360 733 468 807 Nobis
484 719 809 810 autem'cavendum
826 746 878 809 est
898 758 943 806 ne
956 735 1053 806 obliti
1073 756 1145 826 qua
1163 736 1229 806 sub
1247 758 1333 806 con·

255 857 258 864 ⁴
312 853 443 924 ditione
463 854 609 924 mihtare
631 855 849 948 philosophia
874 855 999 941 soleat,
1031 853 1076 924 de
1100 853 1334 928 honestissimi

311 971 377 1042 viri
397 979 507 1046 morte
528 981 654 1064 praeter
677 973 821 1044 modum
845 971 1076 1062 indignemur.
1104 971 1335 1060 Quanquam,

312 1108 374 1180 per
393 1087 504 1160 Deum
528 1087 772 1178 immortalem,
791 1088 964 1162 horrenda
985 1108 1069 1176 sane
1085 1097 1119 1156 et
1134 1086 1258 1157 odiosa
1276 1087 1339 1160 illa

314 1202 391 1275 luit!
415 1205 484 1276 Sed
505 1216 597 1280 recte
612 1207 788 1297 Freigiusr
807 1208 886 1276 nDe
901 1205 1040 1293 mortis,
1059 1204 1191 1296 inquit,
1210 1225 1338 1295 genere

312 1324 529 1414 querendum
552 1324 636 1394 mihi
655 1345 726 1395 non
744 1324 926 1408 existimo,
950 1345 1059 1413 quum
1085 1345 1155 1394 non
1179 1322 1335 1414 ignorem

314 1441 401 1532 quid
426 1441 579 1530 Socrati,
603 1441 688 1533 quid
714 1440 889 1528 Ciceroni,
914 1439 1001 1531 quid
1019 1438 1153 1509 Christo
1173 1438 1241 1531 ipsi
1263 1440 1337 1510 Do-

314 1561 409 1632 mino
431 1571 551 1632 nostro
574 1560 749 1634 acciderit.
778 1585 796 1628 i>
822 1559 958 1630 Scilicet
981 1557 1028 1628 ita
1049 1579 1105 1628 res
1129 1558 1292 1628 hnmanae
1315 1581 1335 1633 a

313 1679 433 1751 divina
472 1687 639 1768 geruntur
680 1677 917 1770 providentia,
955 1687 994 1746 ut
1036 1675 1163 1746 veritas
1200 1676 1336 1760 nonnisi

315 1795 469 1883 maximo
488 1816 567 1865 cum
582 1777 760 1865 hominum
776 1795 896 1866 labore
911 1794 965 1864 his
983 1794 1019 1863 in
1031 1794 1134 1872 ,terris
1153 1804 1337 1887 appareat,

311 1914 438 2005 suique
461 1921 616 1987 amantes
647 1914 757 1987 virtus
781 1935 916 2007 semper
939 1914 975 1985 in
1001 1923 1129 1986 certam
1153 1913 1340 2005 perniciem

313 2031 426 2103 trahat
440 2059 447 2101 :
463 2041 569 2103 tantae
581 2033 682 2103 molis
694 2043 745 2102 est
759 2033 958 2103 hominibus
975 2055 1054 2103 cum
1070 2034 1248 2102 veritatem
1265 2055 1340 2124 per-

314 2151 432 2244 sequi,
453 2161 525 2221 tum
546 2151 591 2222 ad
608 2151 745 2225 virtutis
767 2151 903 2242 fastigia
926 2173 963 2224 se
981 2151 1138 2242 gnaviter
1153 2147 1334 2228 estollerel

314 2271 415 2355 Quod
432 2269 574 2361 quidem
589 2268 699 2362 probe
711 2269 927 2360 intelligebat
945 2271 1092 2356 Remus,
1116 2291 1225 2360 ‹puum
1242 2269 1338 2340 diee-

316 2398 396 2460 ret:
423 2415 441 2457 «
463 2389 549 2472 Quae
573 2387 779 2482 (dimicatio)
802 2389 962 2479 quamvis
982 2389 1174 2481 experienti
1195 2389 1282 2459 dura
1306 2399 1340 2460 et

247 2528 250 2533 ·
316 2509 442 2578 acerba
463 2507 608 2594 accidit,
637 2515 787 2577 attamen
816 2505 1013 2578 recordanti
1034 2515 1136 2606 'grata
1162 2517 1214 2576 est
1232 2515 1266 2574 et
1285 2507 1341 2596 ju-

308 2625 443 2706 cundae
462 2625 640 2716 cujusdam
657 2623 844 2716 voluptatis
859 2624 960 2716 plena
977 2646 984 2688 ε
1002 2644 1127 2718 meque
1144 2643 1205 2716 per
1223 2623 1340 2716 Syrtes

216 2776 219 2784 ¹
318 2751 352 2812 et
378 2742 551 2835 inhospita
578 2764 685 2832 regna
711 2743 879 2831 jactatum
911 2763 986 2813 esse
1008 2742 1119 2840 laetor,
1148 2747 1185 2808 ut
1202 2743 1341 2830 jactura

319 2858 427 2926 nestri
443 2857 669 2945 discriminis,
687 2859 863 2948 navigatio
876 2858 977 2928 vobis
993 2858 1027 2926 in
1046 2864 1221 2950 posterum
1233 2877 1342 2948 expe

320 2973 424 3047 ditior
443 2985 533 3046 esset
556 2997 597 3046 ac
616 2977 825 3052 fructuosior
842 2975 905 3070 (2).
930 3003 948 3044 »
971 2975 1072 3060 Quod
1089 2984 1203 3045 autem
1220 2975 1277 3044 ille
1297 2975 1341 3045 de

321 3093 469 3164 alumnis
494 3094 567 3167 suis
598 3103 632 3166 ct
656 3094 892 3181 auditoribus,
924 3095 959 3164 id
975 3079 1029 3165 ¹de
1055 3093 1202 3188 posteris
1231 3094 1339 3162 multo

321 3213 423 3286 etiam
440 3213 557 3285 verius
575 3215 768 3309 praedicare
785 3214 927 3285 debuit:
947 3234 1036 3304 quos
1053 3211 1340 3282 inhumaniorem

318 3332 438 3423 judicii
468 3333 680 3420 libertatem,
714 3330 943 3422 quantumin
970 3325 1151 3422 ipsciuit‚
1184 3329 1341 3402 vindica-

322 3451 371 3519 vit
387 3447 454 3545 (3).
1082 3464 1084 3468 ·
1227 3471 1228 3476 ’

354 3774 390 3838 (1)
406 3774 461 3824 vid.
479 3785 565 3836 supra,
582 3787 608 3836 p.
620 3778 660 3833 11,
672 3777 717 3836 ts,
730 3781 781 3826 not.
793 3777 876 3839 (tt-
888 3775 923 3828 lie
935 3778 1044 3838 Dionysii
1063 3776 1176 3824 Lambini
1188 3779 1268 3824 morte
1284 3775 1344 3822 satis

323 3858 474 3909 consistite
484 3859 555 3907 'lirou
565 3895 571 3920 ,
583 3858 658 3918 lhid.·,
669 3857 770 3919 hevila,
784 3859 844 3908 ibid.
854 3880 860 3918 ;
872 3859 908 3929 Gi.
921 3862 960 3909 so.
970 3859 1135 3919 sammarth,
1147 3859 1217 3920 Eiog.
1230 3858 1259 3906 li.
1272 3858 1345 3906 lam-

324 3944 390 4001 binii
403 3943 460 3993 rint.
469 3942 589 4002 laissier,
603 3943 671 4004 mog.
683 3943 760 3992 dean.
773 3955 836 3995 sar..
849 3947 894 3992 art.
909 3943 938 3992 l).
953 3943 1065 3993 hambin.
1078 3943 1133 3990 vio.
1143 3947 1258 4004 practerea
1269 3944 1345 4004 ipsius

324 4027 476 4087 (terpentaril
490 4025 627 4087 Episiplsm
641 4025 672 4075 ad
686 4024 873 4085 togodaedaimn
884 4025 1065 4088 (lambinnm),
1082 4027 1149 4074 1511.

357 4107 391 4171 (t)
406 4109 475 4159 Orat.
489 4110 521 4158 de
534 4121 578 4158 sua
590 4108 748 4172 professione.

358 4190 394 4252 tt)
412 4191 565 4242 Bibliothecae
573 4192 644 4242 liumi
656 4192 833 4255 direptionem,
845 4195 964 4252 quoniam
977 4193 1096 4242 atrociora
1112 4190 1235 4242 narranda
1254 4195 1347 4248 essent,
