2916 5062
742 437 907 508 „2-

308 607 441 679 viribus
473 605 559 675 meis
583 603 736 674 laborem
768 607 1017 692 suscepturus,
1047 597 1214 666 minorem
1251 615 1334 664 vero

308 747 413 816 quam
434 744 497 818 pro
514 743 591 793 mea
611 722 645 790 in
664 729 796 790 tani-um
808 717 927 789 'virum
947 716 1085 808 pietate.

355 844 486 914 Ramus
506 841 618 929 enim,
643 849 827 933 postquam
853 859 945 908 unus
971 836 1006 905 in
1026 844 1145 905 nostra
1163 832 1275 903 Gallia
1301 840 1334 901 et

309 982 396 1054 pene
409 961 504 1031 solus
520 967 600 1030 ante
611 957 800 1029 Cartesium
818 955 962 1026 liberam
973 951 1149 1044 cogitandi
1165 951 1335 1021 rationem

310 1075 461 1170 profiteri
476 1098 582 1147 ausus
603 1075 744 1160 luisset,
770 1071 1045 1161 socraticamque
1063 1070 1155 1139 illam
1172 1067 1335 1138 humani-

308 1205 411 1266 tatem
431 1194 467 1265 in
486 1193 685 1266 liberalibus
703 1191 835 1262 artibus
862 1198 1060 1262 constanter
1085 1187 1336 1279 expostulare,

309 1315 379 1385 imo
389 1314 525 1408 scriptis
534 1307 745 1404 adumbrare
753 1318 787 1380 et
798 1305 1025 1394 lectionibus,
1039 1306 1191 1376 Socratis
1203 1313 1336 1398 partes,

309 1432 439 1504 scilicet
459 1430 691 1503 honestissimi
707 1429 773 1500 viri
797 1426 1073 1498 crudelissimum
1099 1423 1246 1494 exitium
1271 1423 1338 1494 sibi

309 1550 520 1644 assumpsit,
539 1549 710 1638 nobisque
726 1567 789 1616 sua
806 1553 915 1615 morte
935 1544 1149 1628 libertatem,
1166 1549 1339 1631 quantum

309 1670 344 1738 in
362 1669 438 1759 ipso
450 1675 543 1751 erat,
561 1659 762 1734 vindicavit.
783 1662 894 1744 Quam
914 1659 1055 1752 quidem
1072 1660 1236 1731 eximiam
1257 1681 1340 1730 cum

307 1785 451 1854 Socrate
466 1781 707 1873 cognationem
725 1780 799 1872 ipse
816 1779 971 1870 agnovit.
993 1780 1080 1850 Nam
1098 1800 1177 1848 cum
1200 1779 1339 1850 studio·

309 1924 369 1973 sus
379 1902 435 1970 ille
450 1899 605 1970 veritatis
622 1906 769 1985 amator,
788 1898 883 1967 nulla
897 1919 1052 1988 unquam
1067 1896 1210 1990 periculi
1223 1897 1343 1989 specie
1403 1895 1407 1898 ’

309 2018 514 2104 deterritus,
534 2038 597 2110 pro
617 2035 702 2087 vero
728 2015 923 2086 liberalium
947 2017 1073 2086 artium
1094 2037 1161 2086 usu
1183 2016 1341 2087 animose
1444 2033 1445 2036 ’

311 2136 513 2227 fortiterque
538 2134 781 2228 pugnavisset,
815 2133 905 2205 dixit
931 2133 1148 2224 aliquande,
1177 2133 1340 2205 laborum

310 2262 492 2324 memoret
512 2253 612 2345 quasi
631 2273 814 2344 praesagus
836 2252 956 2322 mortis
980 2278 987 2320 ε
1016 2256 1189 2325 «Socratis
1213 2269 1341 2345 proeter

309 2379 446 2443 cicutam
471 2371 552 2442 nittt
577 2371 668 2441 nobis
697 2371 870 2440 adrandum
891 2371 993 2463 obfuit
1021 2367 1087 2465 (i)
1110 2395 1128 2437 u
1154 2369 1206 2440 Ne
1223 2370 1338 2443 cicuta

311 2489 452 2581 quidem
479 2487 607 2559 misero
624 2485 761 2573 abluit,
792 2485 853 2576 qni
880 2487 1050 2556 malorum
1074 2486 1254 2557 hominum
1270 2488 1337 2558 in·
1445 2537 1446 2540 ,

309 2608 403 2680 vidia
421 2627 628 2702 oppressus,
647 2605 806 2678 crudeles
817 2605 904 2676 tanti
917 2623 1001 2696 erga
1013 2606 1192 2676 veritatem
1208 2607 1340 2677 amoris

310 2741 434 2813 poenas
448 2721 582 2792 dederit
600 2719 609 2791 i
639 2722 844 2793 incredibile
859 2729 976 2793 aulem
992 2731 1045 2793 est
1059 2738 1142 2814 qnae
1157 2732 1193 2794 et
1206 2733 1338 2815 quama

310 2837 485 2908 maximus
512 2838 568 2908 ille
592 2838 734 2909 Cartesii
758 2841 974 2930 praenuntius
993 2840 1039 2910 ad
1058 2847 1202 2910 mortem
1225 2857 1341 2933 usque

311 2976 434 3049 passus
453 2954 584 3044 luerit,
610 2955 804 3048 praesertim
825 2972 905 3026 eum
928 2977 991 3048 pro
1011 2964 1103 3027 recta
1123 2949 1264 3027 Gallicae
1276 2958 1338 3048 ju·

311 3073 461 3145 ventutis
473 3072 707 3160 institutione,
726 3073 782 3144 cui
801 3095 838 3145 se
856 3082 967 3146 totum
980 3074 1133 3146 dedisset
1153 3129 1162 3162 ‚
1180 3066 1338 3167 philoso-

310 3191 420 3287 phicis
447 3191 553 3263 armis
571 3192 760 3264 dimicaret.
789 3193 888 3263 Hunc
908 3202 1024 3264 niumm
1051 3213 1115 3287 pro
1140 3208 1216 3264 mea
1245 3193 1338 3268 virili

310 3321 407 3404 parte
423 3311 553 3383 meritis
569 3311 747 3383 ornavisse
763 3312 945 3401 laudibus,
973 3313 1002 3382 si
1016 3331 1087 3383 non
1102 3313 1245 3384 omnino
1258 3313 1337 3384 offi-

312 3429 377 3516 cii,
395 3439 535 3500 atcerte
548 3427 637 3521 grati
652 3429 755 3500 luerit
770 3429 887 3500 animi.
908 3429 1022 3513 Quum
1034 3429 1125 3500 enim
1144 3439 1213 3502 tam
1232 3431 1336 3520 longa

345 3695 384 3761 (t)
399 3697 505 3748 Prooem.
514 3697 682 3748 llalhcmatic.
693 3732 701 3758 ,
713 3697 757 3750 lib.
769 3698 801 3748 lli
814 3700 868 3748 init.
883 3699 975 3750 allam
992 3702 1136 3750 socraticam
1155 3699 1337 3762 philosophiam

311 3793 371 3832 curu
381 3793 395 3831 e
404 3779 507 3830 Platone
517 3785 542 3831 et
551 3779 712 3844 xenophonte
721 3781 860 3832 didicissem
870 3817 878 3840 ‚
888 3784 913 3831 et
925 3781 1114 3832 intendentium
1122 3782 1287 3832 Parisiensem
1298 3785 1338 3833 in-

310 3860 452 3923 duxissem,
466 3863 572 3911 moratis
588 3865 714 3913 miseriam
732 3867 757 3913 et
773 3863 942 3914 calamitatem
952 3864 1093 3915 mirabilem
1110 3864 1172 3914 mini
1188 3865 1336 3925 conciliavi,

309 3947 409 4008 indiciis
420 3945 537 3995 omnibus
549 3959 592 4008 pro
611 3947 756 4010 impudente
767 3951 792 3997 et
806 3950 894 4008 ignaro
904 3947 1098 4009 calumniatore,
1116 3961 1161 4012 pro
1171 3951 1248 4012 lmpio
1260 3952 1337 4001 eiiam

310 4031 445 4082 &meatus
467 4029 608 4091 (religionis
626 4032 695 4082 enlm
720 4030 913 4082 tundamentum
933 4033 1050 4084 nonnulli
1066 4038 1122 4084 tum
1137 4035 1163 4082 in
1184 4033 1340 4084 ubolssttcis

310 4113 504 4177 sophismatibus
515 4112 699 4175 collocarent),
713 4115 820 4164 scribare
839 4117 974 4178 quicquam
989 4122 1035 4168 aut
1050 4117 1117 4179 loqui
1134 4117 1234 4180 publiea
1251 4120 1338 4180 priva·

310 4199 405 4258 timone
427 4197 573 4260 mohibiius.
594 4196 621 4246 ld
638 4195 684 4248 luit
705 4210 796 4248 manus
815 4203 839 4248 el
857 4198 968 4259 linguam
986 4201 1206 4264 velutamputarc.
1227 4200 1340 4264 dentum

309 4280 414 4330 Socratis
424 4284 522 4343 prater,
533 4285 587 4330 etc.
598 4298 609 4324 ι
