2916 5062
542 347 737 424 ...ffl-

120 533 196 582 rnm
222 509 354 582 invidia
377 510 581 580 occasiones
598 510 633 582 in
653 531 732 580 eum
762 507 961 600 inquirendi
984 507 1143 601 arripuit.

119 627 335 702 Sorbouistis
349 635 465 698 autem
487 634 567 696 ante
588 627 675 700 alios
698 625 856 697 hostibus
873 647 916 698 eo
937 625 1049 717 magis
1074 636 1147 698 tota

118 750 190 818 vita
206 770 296 818 usus
306 755 377 833 est,
392 766 464 838 quo
478 747 590 836 major
606 755 680 816 erat
691 746 836 816 istorum
849 746 1027 816 bominum
1043 747 1143 839 igno-

119 868 232 939 rantia
250 888 294 938 ao
306 865 514 959 pertinacia3
534 885 642 957 quarn
653 866 757 940 nobis
769 867 825 938 vel
838 865 884 938 ab
903 866 1007 937 unico
1023 887 1144 938 exem·

120 989 179 1080 plo
193 984 383 1076 agnovisse
398 983 526 1054 licebit.

167 1105 242 1176 Sub
261 1125 391 1175 annum
416 1104 503 1173 test
526 1101 598 1195 (l),
623 1123 703 1174 cum
726 1103 940 1196 professores
964 1105 1050 1196 regii
1075 1106 1147 1176 Lu·-

120 1225 215 1296 tetiae
229 1223 451 1294 sinceriorem
462 1221 579 1292 latium
593 1221 724 1312 lingum
739 1223 1055 1315 pronuntiationem
1068 1245 1145 1294 seu-

118 1345 183 1415 sim
198 1342 421 1413 introducere
432 1340 636 1432 erupissent,
648 1341 957 1411 molestefersbant
972 1361 1051 1410 curn
1066 1343 1141 1425 alii,

118 1473 192 1534 tum
217 1460 400 1538 Serboniei
428 1461 653 1532 inveteratam
676 1459 842 1549 loquendi
858 1460 1144 1532 consuetudinem

9 1601 10 1620 ²
117 1583 297 1654 Gallorum
329 1579 518 1674 improbari
548 1604 555 1647 :
580 1587 618 1647 ut
645 1601 720 1669 puta
744 1579 904 1650 trebates
933 1581 1139 1667 didicissent,
1206 1648 1209 1652 .

9 1785 10 1788 Ἴ
118 1700 391 1792 exspectanda
399 1701 495 1784 fateri
508 1705 728 1786 cogerentur,
738 1695 838 1766 sicuti
843 1696 1007 1767 Horatius
1016 1697 1140 1788 inquit.

119 1817 295 1910 lmprimis
311 1839 394 1888 vero
412 1818 456 1888 de
476 1837 563 1888 sono
584 1815 695 1907 ipsius
714 1815 863 1907 qliterae
879 1815 1140 1908 ambigebatur,

9 2017 11 2048 s
118 1936 230 2026 regiis
240 1936 493 2028 professoribus
512 1957 591 2004 cum
608 1943 776 2025 sequente
788 1935 1141 2027 apronuntiantibus,

9 2075 10 2086 ¹
117 2059 287 2146 unusquis,
305 2079 505 2147 quanqumn,
531 2071 686 2145 quantus,
707 2053 910 2126 Serboniois
929 2077 1036 2143 vero,
1063 2078 1144 2126 con·

119 2171 266 2244 suediae
282 2174 486 2260 vernacula,
500 2174 621 2256 lisicia,
639 2175 797 2256 lunium,
814 2175 929 2244 lunttts
938 2199 952 2260 ,·
968 2194 1060 2264 quos
1073 2175 1146 2264 qul

120 2291 200 2364 dem
215 2301 250 2362 et
266 2290 397 2366 similes
410 2289 582 2380 quosdam
598 2290 684 2360 alios
699 2296 886 2384 portemus,
911 2300 949 2361 ut
968 2295 1066 2361 micbi
1081 2313 1145 2384 pro

120 2411 252 2496 mili,a
271 2423 357 2479 tero
372 2431 438 2480 usu
454 2430 599 2501 prorsus
615 2408 747 2479 alienos
762 2417 838 2479 esse
856 2411 986 2480 llamus
1001 2419 1144 2480 conten-

9 2575 10 2586 κ
120 2531 225 2602 debat
244 2528 310 2626 (2).
338 2531 411 2600 lam
439 2553 519 2600 curn
545 2530 652 2600 saeris
678 2531 857 2602 addictum
880 2531 1073 2615 hominem,
1097 2530 1144 2599 ob

120 2651 309 2740 genuinam
326 2649 659 2742 pronuntiationem,
682 2648 902 2740 amplissimis
919 2646 1145 2740 proventibus

9 2745 10 2826 Ξ
121 2769 302 2840 Sorbonici
317 2768 535 2862 spoliandum
553 2777 751 2855 curassent,
769 2777 802 2838 et
815 2767 874 2838 lite
892 2789 1009 2837 coram
1023 2778 1145 2838 senatu

9 2893 11 2964 l
119 2888 303 2958 Parisiensi
317 2897 528 2974 contestata,
550 2911 593 2960 ne
613 2887 717 2960 miser
741 2889 796 2959 ille
814 2889 859 2960 ob
884 2889 1146 2981 grammaticam

120 3006 271 3078 haeresin
291 3005 349 3100 (ut
367 3007 414 3076 illi
439 3006 634 3100 vocabant)
657 3009 860 3099 theologicis
882 3009 1050 3080 fructibus
1067 3011 1147 3100 J'ure

9 3175 10 3190 ,
120 3125 315 3212 excideret,
336 3125 528 3218 periculum
545 3134 652 3213 esset;
675 3128 889 3218 professores
908 3127 992 3216 regii
1006 3135 1040 3196 et
1057 3127 1148 3197 inter

121 3243 186 3314 hos
196 3246 346 3331 Remus,
365 3244 456 3316 lacto
471 3243 610 3333 agmine
623 3244 658 3314 in
672 3246 803 3316 curiam
826 3247 1027 3330 convolant,
1045 3253 1079 3312 et
1090 3245 1146 3333 ju·

122 3363 203 3434 dieii
218 3363 435 3432 insolentiam
454 3364 607 3454 praefati,
631 3363 741 3454 quod·
749 3361 975 3454 jureconsulti
996 3361 1040 3430 de
1057 3361 1145 3452 legi·

9 3489 10 3552 i
123 3481 189 3552 bus
205 3478 311 3570 regiis
331 3477 508 3570 disputare
531 3480 637 3568 soliti,
667 3480 711 3550 ad
731 3478 1032 3580 grammaticorum
1053 3479 1148 3572 leges

123 3597 367 3688 dijudicandas
384 3619 460 3667 sese
477 3598 715 3685 demisiment,
732 3597 868 3689 judices
889 3597 935 3668 ita
951 3619 1149 3669 commove

153 3863 189 3929 (1)
205 3864 298 3913 Theoti.
310 3865 445 3925 Zuingcrus
456 3864 517 3929 (Tb.
538 3865 609 3914 hunt.
625 3870 692 3916 vita.
709 3869 758 3917 rol.
774 3868 882 3929 tv,t.1‚
899 3882 924 3930 p.
939 3871 1012 3926 11111),
1028 3865 1075 3914 col.
1090 3862 1148 3926 b).

9 3951 10 3966 ¹
123 3952 147 3996 et
166 3949 281 4008 [tropus
291 3946 325 4010 (1,
340 3961 362 3996 c.
373 3985 382 4002 ,,
397 3937 424 4010 p.¹
437 3946 483 4010 2⁴)
497 3961 593 3998 anuum
610 3953 669 4000 15111
686 3952 797 4001 indicant
811 3953 854 4002 sed
875 3950 1027 4008 inconsulto,
1042 3953 1071 3996 ut
1084 3946 1150 3994 ruih'r

123 4031 237 4088 ridetur,
255 4043 334 4092 suurn
355 4045 407 4080 uon
433 4035 490 4080 anta
508 4045 606 4081 annum
625 4038 682 4082 tos}
704 4034 797 4084 bannus
819 4037 882 4084 iuter
906 4035 983 4092 regios
1002 4029 1154 4092 professores

125 4113 207 4163 inerit.
921 4116 924 4124 '

155 4197 189 4259 (1)
206 4195 261 4245 ldd.
274 4194 346 4246 Rurni
360 4197 443 4246 Sciret.
459 4202 607 4257 grammat..
620 4199 664 4246 111).
681 4199 710 4247 ll.
