2916 5062
553 402 721 474 ..5-

106 569 234 662 primis
251 566 374 638 illustri
392 565 477 652 lnit;
492 591 509 632 »
529 566 590 636 sed
608 575 709 660 capta
728 565 906 638 Leodiensi
927 564 1064 639 civitate
1088 565 1141 639 ἰηό

108 707 290 776 oensaque
304 706 325 755 a
341 683 463 753 Garolo
477 684 746 774 burgundorum
762 685 851 756 duee
865 685 919 775 (l)
932 738 942 772 ‚
956 685 1057 756 bonis
1072 708 1144 757 orn·

110 804 219 873 nibus
231 810 382 889 exutus,
410 801 446 870 iu
460 801 655 873 Picardiam
673 803 936 894 commigravit,
961 803 1080 895 ibique
1096 806 1149 876 ob

115 928 357 1015 paupertatem
388 919 613 992 carbonarius
638 921 715 991 luit.
744 921 845 993 Istius
872 931 987 992 aulem
1017 921 1142 993 carbo·

112 1040 204 1110 narii
234 1039 326 1110 lilius
348 1037 500 1109 lacobus
523 1039 688 1126 nomine,
718 1040 925 1131 cognomine
957 1062 977 1111 a
1005 1042 1141 1130 llamo,

111 1160 222 1230 dueta
245 1178 359 1228 uxore
372 1157 507 1227 loanna
525 1157 772 1252 Carpenteria‚
804 1159 949 1231 honesta
970 1161 1112 1252 quidem
1133 1211 1145 1248 ,

112 1278 177 1348 sed
202 1277 248 1348 de
266 1297 420 1368 paupere
443 1295 584 1367 quoque
609 1277 737 1348 familia
765 1277 849 1371 (2),
882 1278 1035 1369 agricola
1066 1279 1141 1348 luit.

112 1397 219 1482 Quod
238 1399 334 1467 velut
359 1396 524 1488 probrum
546 1418 655 1487 quum
679 1418 775 1490 eaepe
795 1397 904 1467 llamo
924 1396 969 1466 ab
998 1397 1154 1470 inimicie-

114 1527 150 1588 et
163 1515 456 1587 obtrectatoribus
465 1515 693 1606 objiceretur,
710 1514 746 1585 id
758 1515 832 1607 ipse
842 1523 961 1607 aperte
970 1518 1147 1608 professus

114 1645 168 1707 est
185 1635 220 1704 in
242 1633 399 1704 oratione
416 1655 521 1724 quam
537 1633 681 1704 Lutetiae
698 1631 795 1703 initio
822 1632 1046 1723 professionis
1071 1656 1148 1708 suae

114 1755 252 1826 habuit.
287 1778 304 1820 α
322 1747 554 1823 Carbonarius
583 1760 681 1844 pater
706 1751 823 1844 probri
849 1755 932 1824 loeo·
959 1753 1061 1824 nobis
1083 1753 1149 1825 ob‹

110 1876 228 1964 jectus
249 1880 312 1943 est.
341 1871 438 1942 Avus
458 1879 552 1942 eerte
576 1870 803 1942 carbonarius
827 1872 910 1959 luit;
932 1882 1029 1966 paler
1048 1873 1141 1963 agri-

115 1992 197 2062 cola
218 1991 282 2060 luit
298 2017 306 2060 :
325 1999 474 2081 utroque
491 1990 594 2060 etiam
609 1990 795 2082 pauperior
809 1990 881 2078 lui,
905 1999 939 2060 et
950 1990 1000 2061 sio
1016 2012 1036 2061 a
1054 1993 1149 2062 malo·

115 2108 227 2180 divite
251 2108 368 2180 neseio
385 2127 485 2198 que,
514 2109 614 2199 cujus
637 2117 672 2178 et
690 2117 790 2200 pater
813 2117 849 2178 el
865 2108 977 2202 patria
1003 2109 1143 2200 ignora-

118 2240 189 2315 tur,
220 2227 358 2319 generis
378 2226 519 2318 ingenui
543 2233 730 2321 paupertas
753 2226 788 2295 in
819 2227 920 2298 nobis
945 2236 1141 2299 accusatur.

115 2345 163 2416 At
179 2345 389 2416 christianus
397 2366 475 2414 sum
489 2396 498 2432 ,
521 2364 584 2414 nee
599 2365 754 2434 unquam
768 2353 1005 2438 paupertatem
1016 2349 1144 2417 malum

117 2464 254 2557 putavi.
276 2462 499 2535 Aristoteleus
515 2481 697 2550 nonaum,
721 2471 760 2532 ut
781 2462 917 2533 dillioile
933 2473 1050 2555 putem
1068 2485 1146 2534 esse

116 2585 309 2676 praeclaras
336 2602 392 2652 res
417 2603 541 2672 agere,
578 2581 637 2650 oui·
658 2601 795 2671 maguae
826 2601 910 2672 opes
938 2580 1065 2649 desunt
1068 2633 1140 2650 .....

116 2703 239 2791 Ετςο,
260 2700 351 2770 Deus
367 2700 496 2793 optime
521 2698 696 2783 maxime,
726 2698 786 2788 qui
813 2705 911 2791 potes
933 2693 1145 2790 elapidibns

115 2816 286 2886 suscitare
302 2814 391 2886 lilios
404 2814 577 2902 Abrahae,
592 2814 719 2886 suscita
730 2815 766 2884 iu
782 2814 978 2885 carbonarii
995 2829 1140 2908 nepote,

118 2933 285 3024 agricolae
306 2932 377 3003 lilio
393 2986 403 3020 ‚
420 2941 471 3002 tot
484 2931 747 3023 indignitatibus
756 2932 901 3016 alllieto,
917 2953 987 3003 non
1000 2955 1144 3025 magnas

120 3074 207 3144 opes
224 3051 352 3142 quibus
367 3052 413 3122 ad
435 3051 661 3122 instrumenta
685 3051 907 3143 professionis
924 3072 1034 3138 meae,
1059 3062 1146 3122 atra·

27 3207 31 3214 ·
121 3180 294 3256 mentum,
310 3170 463 3240 chartam
481 3221 492 3252 ‚
515 3190 663 3262 pennam
681 3189 751 3239 non
766 3168 955 3240 admodum
968 3189 1056 3263 opus
1068 3179 1141 3256 est,

121 3289 184 3360 sed
198 3297 270 3360 tota
287 3289 355 3359 vita
372 3297 519 3358 mentem
538 3296 686 3376 rectam,
707 3296 979 3381 perpetuamque
999 3287 1147 3376 diligen

122 3409 205 3478 tiam
222 3417 258 3477 el
277 3407 479 3478 industriam
484 3459 558 3477 .....
583 3404 637 3499 (3)
661 3431 678 3474 u

173 3527 282 3596 Natus
309 3533 360 3596 est
388 3525 426 3594 P.
452 3525 581 3596 Ramus
609 3546 700 3594 anno
726 3523 851 3594 MDXV
887 3520 951 3617 (l).
973 3477 1060 3592 ¹Vin
1088 3546 1147 3594 au·

155 3841 193 3904 (t)
209 3841 282 3891 Anno
296 3844 368 3900 rtet,
380 3841 441 3890 dum
451 3839 555 3890 Carolus
568 3841 693 3903 suppetlas
709 3839 781 3890 terret
799 3839 922 3890 tudorlco
934 3839 979 3898 lll,
996 3841 1146 3891 Francorum

125 3936 151 3972 re
167 3926 184 3971 l.

152 3937 214 4068 {uir
227 4005 259 4054 llt
267 4005 440 4064 essentumbo,
452 4007 479 4054 ot
489 4007 525 4054 ult
536 4005 659 4062 berettus,
669 4004 757 4054 humill
768 4004 798 4054 de
813 4003 883 4066 plebe
893 4009 1035 4068 parentes.»
1046 4005 1148 4054 Nancul.

124 4088 173 4136 vu.
186 4086 271 4146 llami,
286 4099 310 4148 p.
323 4090 345 4136 8.

158 4170 194 4233 (3)
210 4170 279 4220 Orat.
293 4173 347 4218 lnlt.
357 4169 419 4233 prol.
430 4181 481 4219 sua
490 4181 550 4218 aun.
564 4173 617 4218 1551
634 4169 730 4228 babila,
745 4168 792 4218 sub
805 4167 889 4217 llnem.

157 4255 192 4316 ll)
209 4254 266 4304 l’oet
281 4265 392 4304 mensem
407 4257 541 4314 augustum
558 4256 634 4302 uatus
648 4257 685 4303 est
701 4252 809 4310 Remos,
824 4254 850 4299 ut
867 4261 897 4300 ox
911 4249 1018 4310 Frciglo,
1037 4250 1141 4301 lluncrlt
