2912 5066
539 437 756 507 -ton-

133 603 232 674 bavit
249 597 320 695 (i),
342 606 378 670 at
392 608 484 674 eerte
501 601 607 670 multa
622 615 764 690 quoque
780 608 815 669 et
832 601 999 694 praeolara
1017 598 1158 690 quidem

133 719 311 790 instituit:
333 739 457 810 nempe
475 718 725 788 accuratiorem
746 718 783 787 in
806 717 943 788 so'holas
965 718 1159 789 introduxit

133 837 470 932 pronuntiationem,
492 856 562 928 qua
584 837 711 929 ipsein
729 835 862 908 orando
884 835 1157 932 exoellebat(2)3

135 959 380 1028 literasnovas
390 957 410 1051 j
427 964 498 1028 etv
520 955 671 1048 pristinis
693 955 798 1027 literis
815 955 960 1047 adiecit,
987 979 1069 1050 quae
1090 953 1159 1028 Ro*

138 1083 247 1148 missoe
264 1091 474 1147 consonantes
487 1075 566 1164 jure
578 1081 717 1174 vocatae
728 1083 808 1145 sunt
820 1072 888 1170 (3))
905 1085 1159 1170 praeceptorum

136 1194 242 1264 etiam
268 1213 450 1262 nnmerum
473 1192 642 1263 minorem
661 1192 760 1279 seon,
789 1206 968 1284 unumque
991 1213 1084 1264 mam
1105 1195 1159 1264 lo·-

135 1311 270 1404 qnendi
300 1332 457 1382 normam
484 1331 560 1382 esse
590 1311 765 1404 professus
792 1320 845 1381 est
871 1309 933 1406 (i).
962 1311 1159 1402 nonquam

134 1438 257 1500 autem·
278 1449 428 1520 graecam
458 1427 611 1520 linguam
638 1449 717 1498 cum
740 1426 845 1497 latina
873 1427 1005 1521 primus
1032 1427 1068 1504 in
1092 1427 1160 1498 doe

137 1547 249 1619 nendo
278 1545 516 1638 conjunxisset
542 1542 617 1642 (5),
645 1545 832 1637 multisque
856 1553 1023 1640 praeterea
1046 1546 1160 1618 modis

137 1665 182 1736 de
212 1673 360 1756 utraque
381 1665 470 1736 bene
499 1663 642 1735 meritus
667 1671 773 1750 esset,
804 1664 990 1734 vernaculo
1018 1682 1161 1754 quoque

138 1781 289 1853 sermoni
307 1789 482 1852 strenuam
500 1780 640 1852 navavit
654 1800 814 1874 operam,
835 1803 943 1874 quum
965 1793 1045 1852 enm
1063 1801 1160 1852 seve·-

139 1899 290 1971 rioribus
311 1899 446 1990 legibus
469 1908 504 1971 et
525 1899 665 1994 syntaxi
684 1900 887 1992 perfectiore
902 1898 1071 1970 instruere
1086 1907 1160 1970 teub

140 2015 262 2087 taverit
277 2014 346 2112 (6),
359 2037 473 2108 eoque
486 2017 532 2086 ad
546 2015 774 2110 philosophiae
790 2025 825 2087 et
840 2015 1159 2088 mathematicorum

139 2135 285 2222 artium,
318 2135 388 2205 imo
416 2135 463 2206 ad
497 2134 606 2227 ipsius
642 2131 878 2224 grammaticae
906 2133 1159 2228 expositionem

138 2253 232 2324 haud
260 2255 364 2324 semel
384 2275 469 2324 usus
497 2252 598 2323 inerit
609 2249 683 2344 (7),
703 2253 947 2344 versionesque
971 2253 1159 2346 Scriptnrae

138 2369 253 2440 Saorae
271 2370 412 2460 gallinas
428 2377 625 2442 constanter
640 2368 913 2461 expostulaverit
929 2366 1000 2462 (8).

185 2501 258 2572 Nee
278 2501 392 2572 minus
414 2502 446 2572 ei
465 2501 637 2572 rhetorica
660 2498 805 2571 debuit:
823 2497 1154 2580 innanenimarte,

119 2643 217 2694 ,oum
249 2619 443 2712 exquisitis·
460 2618 740 2714 praeleotionibus
774 2639 833 2718 uo⁴
850 2617 1050 2711 praeceptis,
1083 2625 1157 2686 tum

169 2967 205 3021 (1)
216 2962 354 3012 Prssenirn
365 2963 391 3010 in
402 2973 431 3012 ss
439 2960 686 3022 grammaticaqumn
693 2957 725 3008 ds
735 2957 823 3020 gslltoo
832 2969 946 3008 sermone
953 2956 1088 3008 vernaonis
1096 2965 1159 3006 con-

138 3047 245 3108 seripsit.
262 3045 316 3095 Vid.
333 3041 564 3106 Cantennam.

168 3127 204 3192 (2)
215 3128 328 3189 Numen,
341 3129 367 3176 ln
376 3127 424 3177 vit.
435 3125 523 3188 Rsnri,
537 3139 561 3189 p.
574 3129 619 3188 ³8,
634 3127 679 3186 ³93
691 3125 781 3186 nretg,
793 3125 819 3173 tn
829 3124 858 3173 P.
870 3122 939 3173 Remi
950 3123 1019 3183 Vits,
1030 3135 1055 3186 p.
1066 3123 1159 3184 tastu.

138 3209 175 3261 tt.
188 3211 218 3260 D.
232 3210 363 3270 nanceiot,
375 3208 610 3271 nstnsoegrseqns
621 3209 648 3256 in
659 3206 728 3270 prat.
739 3242 746 3264 ,
758 3208 771 3265 ς
782 3203 825 3256 ΙΧ.
978 3261 980 3266 ,

168 3296 203 3356 (3)
216 3293 309 3355 suin,
325 3306 352 3356 p.
363 3295 404 3355 28,
421 3295 461 3342 2⁴.
474 3292 530 3342 vid.
545 3287 811 3354 passinianense..
823 3286 841 3335 l.
854 3299 887 3345 n,
899 3298 924 3348 p.
939 3287 1036 3344 394ος
1051 3283 1159 3332 Ramum

138 3383 185 3442 ips.
196 3381 223 3428 tn
234 3377 318 3428 Seirol.
328 3376 497 3438 grammata.
508 3375 529 3425 il
538 3375 621 3426 mett:
632 3359 666 3424 D'e
674 3374 742 3422 sonis
753 3371 818 3421 liter.
831 3369 869 3420 cf.
880 3369 984 3430 Goujet,
996 3367 1059 3418 Bibl.
1069 3366 1161 3428 tranet,

137 3467 201 3525 part.
213 3462 237 3521 l,
249 3475 270 3511 n.
285 3460 306 3509 li
313 3481 320 3522 ;
329 3460 394 3512 Phil.
413 3459 540 3523 Pupillus,
552 3459 653 3508 nissam
663 3469 707 3507 sur
718 3455 747 3518 i’j
759 3453 827 3506 etl'n
838 3465 990 3512 noroenses,
1005 3455 1053 3502 etet

168 3545 204 3610 (t)
219 3544 303 3596 solsol.
314 3548 457 3606 grammat,
469 3546 572 3608 passim.

169 3628 204 3693 (5)
222 3629 329 3689 Nanssi,
348 3643 374 3693 p.
392 3631 429 3690 15,
441 3642 468 3693 p.
479 3631 552 3680 36-31
567 3646 573 3677 :
591 3623 710 3675 unneidit
727 3623 760 3674 ari
779 3623 866 3673 laudes
878 3622 949 3672 Romi
960 3623 1037 3673 etlam
1048 3621 1092 3672 ilia
1108 3633 1158 3671 non

137 3726 227 3776 parva,
249 3727 325 3776 quam
341 3715 470 3777 proposui,
488 3711 554 3774 quod
571 3712 667 3775 primus
681 3721 712 3759 uo
724 3709 863 3772 precipuus
878 3711 965 3758 austu
980 3707 1066 3766 tuerit,
1085 3709 1113 3762 ut
1132 3707 1158 3753 in

139 3798 273 3859 gymnasiis
280 3797 356 3848 simul
364 3803 441 3860 green
449 3805 508 3846 oum
518 3796 602 3844 latinis
608 3793 754 3857 explicando
761 3793 926 3854 jungerentur
935 3803 1008 3841 soum
1017 3789 1158 3848 antenuna,

138 3880 217 3930 solun
228 3880 340 3942 linguam
354 3880 459 3930 latinam
472 3879 602 3940 gymnasia
612 3876 835 3940 ampioeterentur,
851 3887 955 3936 greosm
972 3876 1003 3924 ab
1019 3876 1091 3935 regiis
1101 3884 1159 3934 pro·

138 3961 281 4019 sessoribus,
293 3962 342 4010 rari
354 3962 440 4021 etjam
448 3958 528 4009 adulti
538 3961 658 4022 peterent.
669 3972 682 4003 s

169 4048 203 4107 (6)
213 4045 242 4094 n.
256 4044 384 4105 nanneni,
401 4043 514 4094 Methone
525 4053 638 4104 praeque,
650 4043 676 4090 in
689 4040 775 4103 pret,
788 4038 804 4102 ς
815 4039 862 4087 ΙΙΙ.)

167 4129 202 4192 (t)
217 4128 271 4178 vin.
284 4127 363 4178 catal.
378 4141 420 4190 op.
432 4127 512 4176 nami.

167 4211 202 4274 (8)
224 4210 277 4259 Vid.
295 4210 357 4260 Adv.
374 4222 418 4260 sur
432 4209 456 4259 la
470 4206 578 4258 Re'iorm.
595 4207 625 4256 do
640 4205 730 4255 i’Uniu.
743 4203 773 4252 de
786 4203 866 4259 Paris,
883 4200 960 4262 Epist.
973 4198 1112 4261 somniares
1126 4199 1157 4248 ud

138 4294 217 4344 tarot.
231 4293 318 4352 Latini
335 4293 476 4344 Communi.
491 4286 520 4342 de
533 4291 612 4350 Retia.
626 4289 712 4340 christ.
724 4323 730 4346 ,
744 4286 787 4336 nn.
799 4285 822 4342 i,
836 4285 974 4346 etpossim,
