2912 5066
544 428 762 499 -119-

137 595 343 686 disparata,
376 592 506 677 relatu,
547 590 693 661 adversa
712 645 741 681 ,Ι
760 591 956 684 privantia,
991 591 1167 662 contradi·

138 710 268 782 oentia.
305 709 593 800 comparatorum
626 716 908 798 argumentorum
939 708 1005 778 loci
1041 709 1167 800 paria,

144 831 257 920 majus
277 836 312 900 et
339 826 483 913 minus,
507 825 701 915 similiaque
719 833 754 896 et
774 824 965 898 dissimilia.
987 827 1169 919 Reliquum

143 965 227 1018 vero
244 942 425 1016 artificiale
441 963 526 1014 suos
542 961 683 1033 quoque
705 944 802 1014 looos
823 943 929 1014 habet
954 945 1138 1036 conjugata
1157 997 1168 1032 ,

143 1062 358 1134 notationem
387 1057 465 1155 (seu
493 1059 643 1132 nominis
663 1060 1023 1156 interpetationem),
1052 1063 1172 1135 distai-

143 1181 324 1254 butiouom
346 1201 395 1252 ox
414 1179 529 1250 oensis
548 1187 584 1249 et
604 1177 757 1266 effectis,
784 1179 1018 1272 subjectisque
1045 1188 1080 1251 et
1109 1181 1172 1276 ad·

137 1300 291 1392 juneas,
312 1308 418 1390 atquo
434 1298 682 1371 definitionem.
705 1298 936 1370 inartificialia
955 1298 1172 1390 deniquear·

141 1427 309 1511 gementu
336 1437 357 1488 a
383 1416 581 1488 testimonio
600 1414 721 1487 divino
743 1415 968 1507 humanoque
991 1416 1168 1508 pendent,

141 1536 245 1625 eujus
269 1533 404 1627 speeies
425 1534 554 1606 liumus
576 1553 640 1627 pro
659 1553 723 1604 suo
747 1553 859 1621 more,
881 1532 988 1604 valiis
1004 1532 1171 1625 exemplis

144 1653 330 1747 perspicue
349 1652 451 1724 donet
468 1655 499 1739 (t
510 1653 535 1742 ).

193 1771 368 1844 Judioium
388 1769 563 1861 sequntur,
590 1769 851 1860 quodquidam
877 1791 986 1862 quum
1015 1793 1036 1842 a
1062 1770 1171 1842 liamo

146 1892 298 1963 maxime
326 1890 535 1960 eelebratum
563 1889 685 1975 suerit,
720 1892 858 1962 secundo
880 1915 959 1981 pora
990 1896 1086 1961 Remi
1112 1911 1174 1982 pet·

142 2013 262 2101 joonm
286 2007 491 2079 vocabatur.
512 2007 595 2077 Tios
608 2006 731 2096 judieii
749 2007 880 2098 gradus
902 2005 1085 2100 diligenter
1101 2008 1174 2079 dis-

148 2127 254 2200 tinxit
272 2127 401 2198 llamns
419 2151 428 2196 z
444 2124 605 2209 axioma,
625 2125 883 2220 syllogismum,
902 2146 944 2197 ao
956 2126 1170 2198 methodum

149 2273 167 2312 o
186 2244 338 2318 Axioma
366 2243 380 2337 (
392 2243 466 2316 sivo
493 2241 730 2337 enuntiatio),
756 2245 888 2336 inquit,
914 2254 966 2316 est
991 2245 1173 2340 dispositio

148 2363 344 2456 argumenti
376 2385 456 2434 mam
486 2371 713 2452 argumento,
744 2383 814 2453 qua
845 2383 923 2435 esse
946 2365 1080 2456 aliquid
1109 2369 1171 2436 ant

147 2505 217 2556 non
236 2503 312 2554 esse
326 2481 504 2572 judicatur
519 2483 585 2571 (2).
608 2506 625 2550 n
648 2482 702 2552 Ex
720 2479 787 2551 hao
807 2481 1008 2555 definitione
1029 2482 1168 2552 axioma

147 2602 239 2674 idem
255 2600 351 2694 apud
365 2600 513 2672 uanum
528 2621 609 2672 esse
622 2599 774 2687 videtur,
798 2599 894 2690 quod
908 2589 1003 2692 apud
1020 2598 1169 2687 stoicos,

148 2720 184 2793 id
208 2729 262 2792 est
284 2718 476 2813 propositio
504 2746 512 2788 :
543 2704 641 2810 quod
665 2718 740 2812 ipsa
765 2718 980 2790 axiomatum
1003 2718 1173 2790 divisione

148 2839 388 2912 confirmatur.
416 2840 478 2910 Est
500 2838 592 2909 enim
620 2839 760 2910 axioma
785 2831 991 2912 affirmatum
1019 2848 1079 2911 aut
1109 2861 1170 2912 ne⁴

149 2966 293 3049 gotum
330 2967 516 3048 utrumque
548 2965 678 3030 eutem·
695 2971 816 3028 votum
849 2965 910 3029 ant
941 2956 1064 3030 laisum
1096 2974 1174 3030 esso

150 3085 275 3169 potest.
299 3075 426 3146 Verum
448 3075 553 3166 igitur
572 3084 757 3167 postquam
772 3076 807 3144 in
829 3076 1034 3166 contingens
1055 3086 1090 3147 et
1110 3099 1171 3147 ne-

151 3187 338 3266 cessarium
356 3193 490 3282 divisit,
509 3194 555 3264 ad
578 3194 645 3264 hoo
664 3202 733 3264 tres
754 3193 829 3263 illas
848 3193 992 3283 requirit
1014 3215 1060 3263 ex
1078 3193 1174 3266 Auis·-

152 3314 256 3384 totele
268 3315 324 3402 (3)
348 3312 584 3399 conditiones,
610 3311 740 3403 quibus
762 3310 857 3402 apud
880 3311 994 3404 ipsum
1020 3309 1104 3381 nihil
1123 3321 1175 3382 est

154 3441 273 3504 uotum
300 3430 435 3521 magis,
470 3440 507 3501 ut
533 3430 675 3502 axioma
707 3411 831 3520 nempe
857 3429 926 3515 sit,
958 3429 1069 3522 primo
1098 3432 1177 3506 antei

187 3786 222 3850 (1)
236 3785 345 3836 institut.
359 3786 431 3845 dial,
440 3785 485 3834 lib.
497 3785 521 3845 l;
534 3785 648 3846 dialect,
659 3785 703 3835 lib.
717 3786 736 3834 l.
750 3801 801 3831 -n
815 3787 876 3836 Tota
886 3789 961 3850 igitur
972 3782 1084 3838 inventio
1093 3789 1178 3840 denam

155 3871 214 3920 touls
223 3869 381 3919 concluditur
394 3873 419 3919 et
430 3869 571 3919 declaratur
582 3872 695 3928 acautis,
709 3868 796 3928 iactis,
813 3871 879 3932 subj.
892 3907 898 3931 ,
910 3872 961 3933 adl.
974 3893 990 3931 ,·
998 3872 1179 3931 dissentientis,

156 3955 303 4016 comparatis
315 3988 323 4014 ‚
337 3953 502 4010 nominibus,
518 3952 663 4012 distribut,
679 3952 766 4002 delinit
784 3988 791 4011 ‚
809 3957 962 4004 testimoniis.
978 3972 989 3998 u
1004 3953 1085 4004 Schol.
1102 3955 1180 4016 rhet,

156 4037 174 4084 l.
184 4036 229 4097 lll,
241 4036 288 4086 ool.
303 4039 350 4087 210
365 4037 414 4094 (ed.
429 4033 509 4099 11711).
522 4035 559 4086 Ci.
570 4036 644 4086 Arist.
655 4035 781 4086 animadv.
790 4071 798 4097 ‚
808 4035 826 4084 l.
837 4037 857 4084 l.

188 4120 223 4180 (1)
241 4118 393 4181 [liutpert.
407 4117 447 4167 iol.
460 4117 739 4179 ov.;u1aiscuque,i.
753 4117 792 4177 ll;
808 4117 870 4166 dial.
883 4117 976 4179 (1556),
987 4129 1011 4180 p.
1029 4120 1068 4166 111
1080 4135 1088 4176 t
1098 4118 1179 4168 Soltul.
1249 4139 1257 4152 ·

157 4197 304 4262 diul.‚'·pass.
315 4200 415 4260 ,Sahal
427 4200 504 4258 rhet,
520 4200 537 4250 l.
550 4199 581 4248 lll
591 4201 662 4259 init.;
678 4199 695 4248 l.
708 4197 759 4258 llll,
773 4197 819 4247 tol.
833 4201 878 4248 285
894 4199 942 4263 (ed.
962 4199 1040 4262 15111),

190 4285 224 4342 (3)
238 4282 340 4346 Analyt.
352 4288 426 4345 pest..
439 4283 482 4332 liu.
492 4283 512 4341 l,
523 4297 544 4333 u.
557 4287 597 4342 aa,
606 4286 630 4333 ot
640 4281 707 4331 alibi.
