2912 5066
707 456 755 470 -*
780 418 848 496 tit
874 458 922 472 -

297 573 381 660 sed,
402 539 595 648 dummodo
616 597 697 648 vere
719 577 810 646 utilis
831 573 1012 668 inquisitio
1038 577 1246 650 instituenda
1264 578 1324 664 sit,

302 713 365 784 prc
379 693 494 764 medio
509 703 642 764 tautum
657 693 845 788 syllogismi
858 695 1006 766 termino
1019 716 1091 765 vox
1101 697 1158 765 illa
1172 703 1330 766 sumatur

301 819 535 897 necessest,
562 820 600 880 ut
625 813 792 902 praeclure
815 811 917 881 docet
942 812 1137 903 logicorum
1168 813 1333 905 princeps

300 923 500 996 Aristoteles
523 951 530 993 :
559 926 699 996 invento
722 926 813 998 enim
831 927 968 1014 medio,
989 929 1155 1018 quaelibet
1177 928 1334 998 subinde
1446 989 1447 1016 p

301 1042 449 1132 quaestio
481 1043 711 1114 concluditur.
745 1045 866 1135 Neque
897 1044 1020 1114 melius
1048 1044 1265 1116 Gasscndum
1296 1056 1335 1114 et
1446 1095 1447 1120 ι

301 1158 393 1230 Artis
422 1160 599 1251 cogitandi
625 1170 784 1232 auct-ores
811 1162 932 1233 fecisse
955 1163 1218 1248 affirmaverim,
1247 1183 1332 1232 cum

302 1298 420 1348 veram
432 1278 526 1348 illam
544 1281 724 1370 solamque
738 1279 822 1350 artis
836 1279 1057 1374 syllogisticae
1076 1279 1265 1367 rationem,
1284 1279 1330 1350 ab

302 1397 427 1468 eodem
455 1393 638 1468 Aristotele
666 1397 850 1486 traditam,
884 1407 945 1468 aut
973 1419 1196 1489 nequaquam
1227 1398 1328 1468 intel-

303 1515 467 1601 lexeriut,
489 1525 550 1588 aut
567 1537 710 1609 prorsus
729 1515 917 1586 omiserint.
936 1517 1149 1587 Temeritatis
1164 1516 1256 1587 euim
1277 1526 1330 1587 est

245 1639 250 1647 '
303 1643 338 1704 et
364 1633 571 1724 ignorantiae
597 1655 638 1704 ea
666 1635 701 1704 in
727 1635 842 1725 logica
862 1635 1056 1726 negligere,
1082 1656 1164 1727 quae
1186 1642 1221 1705 et
1246 1657 1329 1706 vera

304 1760 404 1838 sunt,
424 1760 459 1820 et
480 1751 654 1822 Aristoteli
673 1752 918 1843 veteribusque
935 1753 1099 1846 deinceps
1115 1752 1236 1844 logicis
1251 1754 1327 1846 pla·¹

303 1876 450 1938 cuerunt
465 1865 529 1960 (i).

353 2003 588 2076 inventionem
609 2007 766 2097 sequitur
775 2007 968 2098 judicium,
986 2015 1144 2099 utsupra
1160 2007 1325 2079 diximus.

302 2121 415 2205 Quum
430 2133 545 2194 autem
561 2125 669 2197 Ramo
683 2125 828 2218 probata
849 2125 951 2195 luerit
969 2126 1025 2196 illa
1040 2126 1229 2197 dialecticae
1245 2127 1328 2197 artis

302 2237 447 2329 divisio,
468 2264 539 2333 qua
556 2243 768 2334 argumentis
783 2265 846 2314 seu
860 2243 946 2314 ideis
957 2242 1108 2336 primum
1120 2245 1324 2339 propositiS,

303 2359 493 2431 enuntiatio
512 2361 637 2434 deiude
658 2361 949 2457 syllogismosque
968 2383 1009 2432 ac
1030 2362 1215 2434 methodus
1234 2373 1325 2434 trac·

303 2486 431 2568 tentur,
441 2479 487 2549 ad
499 2479 769 2551 enuntiationem
779 2479 999 2550 accedamus.
1010 2481 1107 2551 Hanc
1118 2489 1208 2552 recte
1220 2481 1327 2575 philo·

304 2597 435 2689 sophus
449 2607 577 2686 noster,
591 2606 732 2669 auctore
741 2596 922 2668 Aristotele
932 2650 941 2685 ‚
953 2597 988 2666 in
1004 2599 1143 2669 axioma
1157 2607 1191 2669 et
1205 2599 1325 2668 thesim
1412 2679 1427 2702 t

304 2713 460 2786 dividere
486 2717 585 2786 solet.
614 2714 783 2803 Axioma,
809 2714 882 2784 sive
908 2715 1176 2785 enuntiationem
1204 2716 1324 2784 imme·¹

304 2829 433 2900 diatam
445 2887 453 2918 ,
465 2833 618 2903 scientiae
629 2833 836 2926 principium
847 2833 926 2923 jure
942 2825 1079 2920 vocari,
1095 2833 1325 2902 necessarium

304 2955 418 3018 autem
432 2949 571 3018 axioma
591 2950 702 3019 tribus
718 2950 772 3020 his
787 2951 878 3020 notis
897 2949 1039 3042 agnosci
1057 2959 1187 3037 censet,
1205 2949 1234 3019 si
1251 2951 1324 3021 lue·

304 3067 348 3136 rit
363 3077 442 3142 κατὰ
459 3075 567 3174 neeric
583 3065 627 3137 de
642 3067 749 3156 omni,
764 3065 906 3143 καθἀὑτό
922 3090 1049 3161 perse,
1067 3077 1195 3144 καθόλου
1214 3083 1325 3168 πρῶτον

305 3185 542 3258 universaliter
557 3185 720 3279 primum.
744 3186 838 3269 Quas
856 3185 995 3276 quidem
1017 3187 1162 3277 regulas
1173 3208 1266 3279 saepe
1281 3186 1324 3256 ab

305 3306 398 3397 ipso,
427 3304 556 3398 saepius
583 3304 627 3375 ab
649 3306 723 3395 ejus
744 3302 922 3396 discipulis
940 3304 1160 3392 decantatas,
1187 3303 1325 3375 laudare

305 3425 464 3495 Baconus
480 3424 554 3517 ipse
573 3425 712 3496 minime
730 3423 865 3496 dubitat
881 3423 934 3494 his
953 3423 1092 3494 verbis:
1112 3451 1130 3490 u
1147 3423 1325 3495 Methodus

335 3750 369 3814 (1)
385 3751 430 3806 Art
440 3751 578 3813 depenscr.
593 3757 657 3815 part.
668 3753 715 3812 lii,
733 3765 786 3816 cap.
800 3753 872 3803 iiiiii.
890 3753 1022 3812 Ceterum,
1038 3756 1162 3814 quantum
1177 3755 1322 3805 recentiores

304 3834 375 3897 logici
387 3835 417 3884 de
431 3838 636 3896 argumentorum
644 3835 705 3885 locis
714 3837 766 3885 sire
775 3838 1012 3895 ednutcerrurerint‚
1025 3835 1085 3884 hinc
1093 3834 1164 3885 laeile
1176 3837 1322 3898 agnoscitur,

302 3919 369 3982 quod
379 3917 522 3970 Aristoteles
538 3918 613 3967 libros
623 3917 727 3981 Topicos
737 3931 787 3968 non
800 3919 831 3968 ud
846 3920 1064 3970 demonstrationis
1078 3922 1221 3979 scientiam,
1240 3919 1284 3968 sed
1294 3921 1322 3969 ad

303 4003 458 4054 dialecticam
468 4003 527 4050 'siva
543 3999 695 4064 probabilem
706 4001 849 4064 disputandi
866 4007 946 4052 artem
957 4002 1081 4065 pertinere
1100 4001 1169 4052 haud
1183 4001 1260 4050 semei
1281 4001 1325 4050 do-

304 4087 383 4134 cuerit
393 4083 503 4148 (Toplo.‚
517 4084 535 4134 i.
547 4084 570 4145 l,
582 4098 605 4133 c.
623 4090 645 4143 1,
657 4087 684 4142 2,
697 4087 722 4134 et
738 4083 824 4146 pass).
836 4083 976 4134 scientifica
987 4087 1071 4134 autern
1086 4085 1237 4133 inventionis
1251 4083 1324 4142 ratio,

304 4165 434 4218 Aristotele
442 4167 538 4228 judice,
550 4181 601 4218 non
612 4168 661 4222 alia
680 4166 736 4217 essa'
749 4170 828 4235 potest
842 4178 917 4228 quum
935 4179 991 4234 quae
1010 4169 1035 4215 iu
1053 4166 1130 4222 Prior.
1144 4164 1253 4226 instit,
1266 4164 1283 4213 l.
1301 4165 1323 4225 Ι,

303 4261 325 4300 c.
338 4247 421 4299 xxvii
434 4263 488 4311 sqq.
506 4253 615 4313 exposita
625 4256 671 4305 est.
