2912 5066
579 453 796 520 -165-

177 615 300 676 rematis
320 615 478 685 omnibus,
494 629 561 688 quae
582 619 688 674 contra
708 614 879 688 aquolibet
900 615 1057 688 proposita
1073 613 1192 673 fuerint.

178 719 222 774 Er
236 715 377 775 omnibus
391 715 585 786 examinatis,
605 715 658 789 qui
672 715 786 788 judicio
801 714 1006 789 professorum
1024 715 1198 787 regiorum,

178 817 314 875 omnium
333 818 504 876 matheseos
522 818 690 890 peritorum
712 817 881 891 aptissimus
902 813 940 874 ad
956 815 1199 874 mathematicam

178 919 398 993 professionem
421 920 584 992 videbitur,
609 919 640 978 in
663 919 826 978 triennium
848 919 1018 993 proximum
1045 917 1166 988 eligitur
1189 929 1198 974 a

180 1021 339 1094 primaque
353 1021 565 1094 praelectione,
580 1022 798 1079 mathematum
812 1019 952 1080 laudibus
963 1018 1150 1092 iuventutem
1163 1017 1202 1076 ad

180 1120 399 1196 capessendum
413 1121 542 1182 laudatae
557 1123 689 1182 scientia
704 1121 835 1181 studium
850 1122 1037 1180 exhortator.
1053 1120 1203 1195 Deinceps

181 1223 311 1282 triennio
325 1236 450 1297 quoque
463 1237 590 1281 examen
605 1222 760 1281 consimile
774 1227 859 1292 esto,
873 1226 907 1279 ut
921 1226 1020 1279 tamen
1035 1221 1202 1293 professor,

181 1325 235 1399 qui
260 1328 330 1382 ante
346 1323 458 1394 fuerit,
477 1323 586 1382 ceteris
605 1324 653 1381 vel
669 1322 793 1397 paribus
807 1320 976 1382 candidatis
990 1324 1199 1394 anteponatur.

183 1424 213 1482 Si
230 1437 292 1498 quo
310 1427 448 1497 tempore
471 1422 576 1480 unicus
597 1422 732 1479 omnium
750 1421 922 1480 matheseos
938 1420 1071 1494 partium
1089 1422 1205 1494 peritus

182 1524 308 1583 inveniri
331 1538 393 1583 non
420 1523 537 1598 possit,
561 1523 750 1597 propositum
771 1521 954 1598 stipendium
981 1520 1102 1580 duobus
1126 1520 1202 1580 divi-

184 1625 283 1685 ditor:
298 1625 352 1700 qui
369 1625 550 1698 sesquianno
565 1621 746 1698 descriptam
759 1622 979 1697 professionem
996 1617 1089 1695 aequis
1106 1623 1203 1695 parti-

184 1726 240 1784 bus
249 1730 460 1800 exsequantur.
472 1723 649 1783 Praefectum
657 1729 860 1784 mercatorum
867 1729 898 1784 et
908 1723 1020 1794 ediles,
1031 1724 1062 1782 in
1073 1737 1204 1798 quorum

179 1826 316 1885 custodia
342 1825 467 1886 basilica
490 1826 574 1886 urbis
594 1827 693 1901 posita
720 1831 787 1897 est,
809 1841 885 1897 om,
909 1827 995 1885 utin
1023 1831 1204 1900 perpetuam

180 1926 351 1985 Parislensis
364 1927 533 1985 Academiae
547 1927 692 1999 gratiam,
709 1925 838 1998 vectigal
853 1924 928 1984 illud
941 1929 1124 2000 perpetuum
1137 1939 1202 1983 esse

179 2027 291 2100 velint,
311 2033 345 2086 ut
366 2029 391 2086 si
412 2029 491 2087 forte
514 2027 680 2087 redimatur
700 2028 847 2102 pecunia,
867 2029 898 2085 in
919 2041 1051 2087 annuum
1071 2028 1202 2087 reditum

180 2127 348 2187 collocetur

219 2228 242 2284 ll
257 2227 382 2302 reliquls
395 2228 532 2288 ducentis
540 2229 667 2303 libellis,
681 2231 751 2303 lego
763 2235 883 2290 centum
899 2231 1054 2288 honorato
1069 2230 1200 2303 Carpen-

179 2330 259 2388 terio
278 2330 425 2388 artmculo
450 2345 534 2398 meo,
552 2331 676 2404 ejusque
698 2333 804 2401 uxori,
827 2332 852 2389 sl
867 2329 1072 2405 superfueritt
1087 2333 1201 2404 etpost

179 2431 335 2503 utriusque
349 2431 487 2499 obitum,
505 2431 573 2488 tiliae
584 2445 690 2489 eorum
701 2430 814 2502 juniori
828 2433 933 2504 eteius
946 2431 1058 2489 liberis.
1074 2433 1198 2489 Centum

179 2531 298 2590 libellas
313 2531 445 2606 rehquas
459 2531 630 2589 Alexandro
644 2533 757 2590 sororis
770 2545 846 2590 meae
860 2532 942 2605 filio,
959 2532 984 2589 si
1005 2535 1106 2590 tamen
1124 2546 1198 2606 pro-

177 2642 315 2701 gressum
328 2629 359 2686 in
372 2629 468 2687 literis
481 2631 540 2688 hoc
555 2643 679 2688 munere
694 2630 836 2703 dignum,
846 2629 961 2703 judicio
976 2645 1198 2706 meorum-pro-

178 2733 373 2801 curatorum,
396 2729 510 2789 fecerit.
530 2731 640 2794 secus,
665 2731 826 2804 quotannis
846 2729 1065 2790 distribuuntur
1079 2733 1199 2793 duobus

177 2829 357 2889 doctissimis
379 2831 513 2889 omnium
536 2837 567 2890 et
580 2831 714 2891 discendi
732 2832 955 2892 studiosissimis
973 2835 1090 2894 Praellel
1109 2850 1197 2909 gym-

177 2931 253 2990 nasii
268 2933 412 3005 alumnis,
433 2933 464 2990 in
483 2933 721 3008 quinquennium
732 2939 849 2993 tantum
864 2950 872 2992 :
889 2940 921 2994 et
934 2936 1078 3011 deinceps
1091 2953 1198 2997 succe-

176 3031 320 3091 dentibus
334 3035 399 3093 aliis
412 3033 534 3094 duobus
547 3035 750 3094 consimiliter.

217 3136 299 3193 Bona
312 3140 440 3210 patema
451 3141 649 3212 maternaque
661 3137 801 3209 legitimis
812 3140 983 3200 haeredibus
993 3141 1132 3215 relinquo
1143 3144 1192 3211 (l).

174 3236 381 3310 Quaecumque
401 3237 472 3294 mihi
487 3251 505 3295 a
522 3238 677 3311 gymnasio
696 3237 822 3295 Praelleo
840 3238 1002 3310 debentur,
1022 3240 1052 3297 ln
1070 3239 1195 3299 arbitrio

176 3342 409 3408 procuratorum
420 3352 558 3397 meorum
573 3338 731 3396 constituo.
746 3336 962 3396 bibliothecam
977 3343 1007 3395 et
1023 3339 1195 3412 suppellec-

175 3433 259 3492 tilem
273 3437 420 3510 reliquam
435 3437 617 3508 nominaque
631 3436 733 3494 omnia
750 3436 840 3508 lego,
855 3436 977 3494 semisse
990 3437 1099 3495 altero.
1117 3453 1194 3512 pau-

1 3572 2 3582 ,
109 3603 113 3610 Ι
175 3533 300 3607 peribus
323 3536 450 3594 alumnis
473 3534 589 3593 Praellei
613 3536 782 3608 gymnasii:
808 3536 924 3607 altero,
947 3537 1195 3608 procuratoribus

176 3635 450 3709 executoribusque
468 3635 528 3694 mei
548 3635 719 3692 testamenti
736 3635 860 3694 Nicolao
876 3636 1061 3707 bergeronio
1084 3641 1115 3694 et
1133 3640 1194 3695 lin-

175 3737 259 3795 tonio
273 3737 430 3811 Loysello,
444 3736 599 3811 discipulis
611 3736 767 3810 quondam
780 3738 873 3812 meis,
889 3739 983 3798 modo
999 3738 1152 3798 aduocatis
1164 3741 1194 3798 in

173 3843 291 3897 senatu.
310 3838 443 3910 Quibus,
462 3837 547 3912 quod
564 3838 602 3897 ad
625 3838 855 3911 quingentarum
876 3838 1047 3899 libellorum
1067 3840 1195 3912 vectigal

175 3939 301 4014 attinet,
317 3939 466 3998 decanum
482 3941 557 4013 regii
571 3940 692 4012 collegii
706 3941 863 4000 custodem
878 3941 1008 4015 adiungo
1026 3947 1057 4000 et
1070 3943 1196 4002 mortuis

1036 4113 1198 4125 ..η-.-

206 4224 240 4286 (l)
261 4224 343 4282 lQuae
360 4232 439 4272 tamen
461 4223 728 4288 (predia)admodum
747 4238 822 4283 patrea
841 4227 964 4284 possedit,
985 4238 1061 4286 eaque
1080 4229 1130 4275 sola
1145 4230 1194 4276 fere

172 4310 252 4370 avita,
265 4309 327 4358 forte
338 4311 370 4357 ad
382 4311 490 4369 quinque
501 4317 542 4357 aut
553 4322 595 4357 sex
607 4311 702 4369 vigera,
713 4311 781 4369 quod
792 4322 914 4357 summum
925 4318 990 4358 est.»
1002 4311 1108 4371 Naucel,
1118 4326 1143 4372 p.
1153 4318 1191 4361 ie.
