2912 5066
727 446 775 460 -
801 406 870 484 tto
889 377 944 460 ’-

323 571 434 647 ooret,
454 581 565 652 eaque
577 565 689 634 solum
705 575 877 652 servaret,
895 585 978 656 quae
993 564 1039 635 ad
1049 565 1342 636 ratiocinationem

324 699 366 746 ac
380 679 650 752 ratiocinationis
670 702 771 752 usum
791 681 1011 774 pertinerent.
1031 682 1105 754 lmo
1121 704 1229 773 quum
1243 682 1278 752 in
1289 683 1343 751 illa

324 795 539 886 potissimum
569 801 756 870 omissione
780 822 878 870 suam
905 800 1028 892 logicae
1063 801 1345 872 instaurationem

323 933 448 1002 magna
469 937 515 984 ex
536 924 634 1008 parte
653 917 783 987 versari
804 917 965 1003 sentiret,
986 916 1130 987 Scholas
1148 917 1350 988 dialecticas

322 1028 375 1098 his
391 1031 506 1102 verbis
521 1031 679 1103 orditur:
706 1058 723 1098 ιι
741 1032 888 1105 Causam
913 1044 982 1104 tam
1004 1034 1191 1103 multorum
1207 1053 1228 1102 a
1244 1033 1353 1103 nohis

321 1145 529 1219 omissorum
547 1151 621 1221 suis
636 1150 722 1222 locis
736 1151 932 1224 afferamus.
951 1177 969 1220 ι)
996 1152 1087 1223 Inter
1108 1172 1191 1241 qnae
1212 1172 1262 1220 ea·
1274 1151 1349 1241 pri-

264 1267 274 1288 '
323 1286 418 1336 mum
443 1268 596 1340 notanda
621 1279 701 1340 sunt
720 1291 802 1361 quae
817 1272 891 1360 jam
918 1279 998 1341 ant-e
1016 1271 1162 1341 llamum
1187 1268 1222 1338 in
1251 1269 1348 1338 omni

324 1384 394 1454 lere
418 1386 531 1478 logica
554 1387 697 1460 deerant
722 1415 730 1458 :
760 1410 885 1482 nempe
913 1409 994 1459 cum
1019 1389 1125 1458 multa
1155 1388 1242 1477 alia,
1275 1397 1346 1458 tum

323 1499 492 1576 doctrinae
507 1507 732 1579 conducendi
750 1507 951 1595 methodus,
970 1527 1198 1597 errorumque
1214 1527 1344 1595 causae,

324 1621 534 1694 inductionis
549 1635 584 1695 et
605 1626 713 1719 ipsius
735 1625 958 1720 experientiae
980 1626 1086 1715 leges.
1110 1625 1223 1707 Quum
1242 1624 1348 1715 igitur

324 1733 401 1805 haec
421 1739 537 1808 omnia
552 1740 834 1831 praeterrniserint
850 1741 979 1808 Ramus
996 1735 1050 1832 (l)
1073 1747 1108 1808 et
1134 1739 1204 1809 lere
1227 1759 1347 1809 omnes

321 1862 402 1924 ante
415 1855 560 1926 Ramum
580 1856 705 1948 logici,
724 1856 791 1927 alia
809 1856 975 1926 nonnulla
996 1853 1041 1926 de
1057 1864 1214 1926 veterum
1235 1857 1347 1946 logica

323 1974 481 2044 consulto
494 1975 645 2046 detraxit
658 1975 854 2066 abjecitque
869 2001 878 2044 z
894 1974 1025 2046 scilicet
1040 1975 1246 2066 categorias,
1258 1997 1347 2066 quas

325 2100 361 2160 ut
388 2092 525 2164 inutiles
551 2115 693 2186 prorsus
721 2094 907 2186 respuebat
927 2093 1004 2189 (2),
1033 2093 1350 2186 interpretationem

323 2233 427 2300 quam
448 2211 523 2282 sive
543 2213 589 2283 ad
612 2212 904 2308 metaphysicam,
925 2213 999 2284 sive
1017 2214 1063 2285 ad
1085 2214 1347 2304 grammaticam

324 2329 493 2402 rescrebat
516 2339 624 2401 artem
648 2332 701 2426 (3)
712 2358 723 2419 ς
743 2331 869 2402 deinde
889 2350 1123 2422 quaecumque
1144 2333 1189 2402 de
1208 2331 1347 2424 sophis-

324 2447 399 2518 ticis
415 2450 627 2539 argumentis
640 2450 784 2543 praecipi
798 2449 956 2520 solebant
972 2503 980 2518 .
997 2450 1094 2540 quod
1103 2451 1182 2541 jure
1195 2448 1344 2520 Gassen·

324 2567 391 2637 dus
407 2567 626 2660 reprehendit
643 2567 698 2637 his
714 2567 830 2638 verbis
847 2594 854 2636 :
879 2591 897 2634 ιι
913 2566 1002 2650 Quin
1019 2588 1109 2660 opus
1127 2567 1231 2637 etiam
1244 2567 1343 2637 uide·

323 2685 426 2755 hatur
449 2685 630 2779 quidpiam
651 2686 696 2758 de
717 2686 830 2757 fallaci
854 2685 1054 2780 syllogismo
1077 2684 1342 2756 admonere.....

321 2803 457 2895 Quippe
475 2814 514 2874 ut
531 2807 693 2876 nolumus
710 2805 851 2896 quidem
868 2805 933 2898 ipsi
951 2812 1124 2875 monetam
1142 2804 1263 2873 lalsam
1282 2825 1345 2874 cu·

322 2917 425 3006 dere,
447 2919 509 2989 sed
528 2920 587 2988 ubi
610 2930 724 2990 tamen
745 2921 847 2992 nohis
868 2921 1022 3003 offertur,
1041 2919 1235 2990 discernere
1245 2921 1348 3010 juvat

319 3035 378 3126 qui
393 3057 414 3106 a
428 3057 592 3127 germana
609 3037 764 3127 differat3
782 3039 852 3122 sic,
868 3040 1004 3112 tametsi
1020 3039 1170 3110 nolimus
1180 3037 1246 3132 ipsi
1260 3059 1347 3108 con-

320 3157 682 3250 texeresophismata,
702 3179 771 3228 non
791 3157 910 3229 inutile
926 3149 1040 3229 mmen
1059 3167 1130 3246 est,
1151 3179 1230 3228 cum
1246 3157 1347 3228 nobis

320 3276 438 3368 aliqua
466 3276 714 3366 obtruduntur,
740 3275 1036 3369 quemadmodum
1063 3278 1122 3347 illa
1148 3284 1347 3348 retexantur

322 3411 424 3466 nosse
446 3391 514 3491 (l).
538 3421 555 3464 ι)
575 3396 689 3480 Quum
709 3403 826 3466 autem
852 3394 964 3487 logica
987 3417 1007 3465 a
1025 3394 1202 3466 veteribus
1226 3414 1346 3463 recen-

354 3746 387 3809 (ι)
401 3746 453 3796 lltsl
470 3759 499 3796 aa
511 3759 567 3808 quaa
583 3748 614 3797 dc
630 3749 747 3799 methodo
760 3751 849 3800 dtxcrtt
862 3754 896 3799 tta
911 3751 1090 3812 interpretans.
1104 3751 1132 3796 ut
1143 3748 1175 3796 ad
1189 3747 1293 3796 docendi
1305 3759 1348 3808 po-

320 3833 371 3880 ttua
382 3841 458 3891 quarn
469 3829 610 3879 inveniendl
626 3831 748 3879 rationem
763 3834 887 3894 pertinere
905 3844 1007 3882 censeas
1023 3849 1030 3880 ι
1049 3843 1095 3880 nec
1109 3829 1215 3878 absurde
1229 3829 1345 3889 quidem,

320 3929 380 3965 rnur
395 3915 418 3964 ld
432 3917 515 3978 lpsunr
528 3925 592 3976 pens
602 3913 746 3977 profiteatur
755 3915 849 3964 llamus
858 3918 884 3964 tn
897 3916 1042 3974 maledica,
1054 3913 1097 3962 lib.
1107 3913 1139 3970 ll,
1154 3925 1179 3975 p.
1193 3915 1247 3970 tls,
1260 3916 1314 3962 265.

354 4001 388 4062 (t)
403 3999 484 4050 schol.
494 3997 596 4058 dtul.,l.
608 3996 647 4056 lV,
660 4010 714 4060 cap.
731 4001 768 4048 13.
780 3997 816 4046 Gt
829 3998 863 4047 La
874 3998 971 4062 loglqne
981 4010 1013 4047 ou
1026 3998 1088 4047 l'hrt
1098 3997 1129 4045 de
1142 4007 1240 4058 pensor,
1254 4000 1317 4057 part
1327 3995 1345 4054 l,

319 4097 342 4131 c.
356 4089 386 4143 33
398 4084 534 4142 Gasaend.,
548 4083 627 4132 lnstlt
639 4083 686 4144 log.

356 4167 390 4229 (a)
403 4167 478 4226 thid..
495 4169 511 4217 l.
523 4169 543 4214 v
554 4171 580 4218 et
589 4167 627 4217 Vl.
640 4166 760 4217 Eamdem
775 4168 894 4216 omittunt
908 4166 1050 4217 Gacscndus
1065 4169 1089 4214 ct
1099 4165 1145 4214 Ars
1154 4163 1287 4224 cogitandi.

354 4249 391 4310 (ι)
404 4251 541 4310 (lacteum,
556 4251 590 4302 lle
602 4252 649 4312 lug.
666 4250 723 4309 llne,
740 4263 762 4298 o.
775 4255 798 4300 u.
