2912 5066
719 475 936 552 -15t—

319 635 435 706 visset.
452 635 632 721 Nimirum,
646 657 755 728 quum
770 635 884 725 logica
900 635 1094 706 disserendi
1113 636 1340 724 facultasque

320 753 472 824 scientiae
485 775 605 824 omnes
624 763 778 840 utuntur,
797 775 817 823 a
837 753 971 822 ratione
994 753 1162 844 pendeat,
1181 753 1258 824 haec
1277 774 1340 824 au·

320 881 386 942 tem
410 871 541 940 homini
567 870 668 941 insita
693 879 727 940 et
745 871 897 960 ingenita
917 869 981 956 sit,
1006 870 1178 960 siquidem
1195 893 1252 940 ars
1278 891 1343 942 na·

320 997 430 1056 turam
448 987 547 1076 sequi
579 987 726 1078 ejusque
756 987 964 1058 monitiones
992 987 1028 1055 in
1047 995 1220 1078 praecepta
1253 1007 1345 1054 con-

319 1117 451 1179 vertere
481 1108 610 1196 debet,
647 1109 835 1180 dicendum
870 1109 934 1179 suit
965 1109 1144 1200 quomodo
1179 1116 1346 1178 naturam

320 1225 591 1317 deprehendere,
615 1237 649 1297 et
665 1227 758 1298 unde
775 1227 866 1296 illins
884 1228 1015 1298 monita
1036 1237 1191 1320 repetere
1207 1225 1341 1295 liceret.

321 1345 394 1414 lloc
418 1345 531 1438 ipsum
550 1345 665 1416 dicere
684 1367 887 1436 aggressus,
910 1346 1091 1416 rhetoricae
1106 1344 1345 1437 potiusquam

320 1487 413 1536 verae
429 1463 659 1558 philosophiae
680 1466 860 1536 consulere
880 1464 975 1534 visus
989 1472 1052 1534 est.
1075 1462 1177 1533 lubet
1194 1463 1285 1532 enim
1306 1470 1346 1530 ut

321 1582 429 1652 nostri
444 1583 676 1672 cognitionem
695 1603 766 1652 non
786 1583 819 1650 in
835 1581 938 1652 nobis
953 1582 1019 1673 ipsi
1035 1581 1263 1668 inveniamus,
1282 1579 1345 1650 sed

321 1703 355 1770 in
379 1701 570 1770 clarissimo
592 1721 733 1790 quoque
751 1701 919 1792 scriptore
935 1721 1149 1791 quaeramus.
1176 1723 1193 1766 <r
1213 1699 1256 1768 Ut
1278 1719 1344 1767 na·

321 1829 423 1904 tura,
445 1819 578 1907 inquit,
603 1818 738 1888 facilius
752 1826 939 1909 appareat,
968 1818 1074 1908 selige
1088 1817 1132 1888 de
1154 1825 1205 1886 tot
1225 1816 1346 1886 viven-

321 1935 413 2004 tibus
431 1935 609 2005 hominum
626 1936 792 2020 millibus,
814 1936 874 2027 qui
890 1946 1026 2007 naturae
1043 1937 1181 2006 solertia
1198 1933 1348 2025 judicio-

322 2073 390 2144 que
414 2062 578 2144 praestent
582 2105 704 2123 ........
732 2054 817 2124 Tum
844 2076 890 2124 ex
917 2075 1037 2124 eorum
1065 2053 1211 2144 ingeniis
1240 2053 1348 2123 veluti

320 2171 468 2263 speculis
490 2173 605 2263 imago
626 2182 761 2242 naturae
784 2172 963 2242 resultabit
983 2175 1050 2262 (l).
1074 2198 1090 2240 n
1112 2171 1241 2242 Verum
1265 2171 1346 2262 qui·

323 2291 401 2361 dem
425 2292 512 2362 illud
538 2291 603 2361 fnit
629 2318 636 2359 :
670 2291 786 2362 verius
814 2299 927 2360 autern
963 2293 1074 2362 fuerat
1100 2290 1347 2361 conscientiam

323 2410 433 2502 ipsam
451 2406 615 2498 indicare,
640 2410 816 2500 nequead
840 2411 966 2479 mortui
986 2410 1116 2498 verba,
1137 2409 1199 2480 sed
1217 2409 1263 2479 ad
1288 2409 1346 2478 in-

323 2529 425 2599 timos
443 2529 590 2600 viventis
601 2529 820 2620 videntisque
844 2550 966 2598 sensus
987 2537 1096 2599 artem
1121 2548 1342 2620 componere.

324 2645 396 2714 lloc
417 2645 508 2714 enim
529 2653 631 2738 pacto
650 2646 822 2716 sincerum
845 2653 980 2714 naturae
997 2643 1232 2715 testimonium
1251 2645 1347 2714 acci-

321 2786 403 2854 pere
419 2767 510 2838 licet.
535 2769 604 2838 Sed
620 2770 704 2838 satis
726 2769 835 2839 llamo
852 2767 917 2836 tuit
942 2769 988 2837 ad
1010 2776 1144 2836 naturae
1165 2767 1346 2838 veritatem

320 2881 493 2969 rhetores,
524 2886 676 2974 logicos,
709 2885 935 2978 philosophos
963 2885 1199 2972 revocavisse,
1230 2885 1346 2956 donec

321 2999 424 3090 hujus
442 2999 677 3092 adipiscendae
701 3003 904 3072 methodum
923 3001 1193 3073 commodiorem
1219 3002 1347 3094 aliquis

322 3119 484 3212 traderet.
513 3117 628 3210 Atque
653 3119 709 3188 hic
727 3119 868 3189 Cartesii
895 3120 1007 3209 labor,
1035 3142 1076 3191 ea
1101 3123 1178 3191 laus
1204 3118 1347 3215 propria

322 3239 386 3308 luit
415 3265 423 3308 ε
454 3239 554 3331 cujus
581 3239 700 3310 saltem
729 3238 946 3331 praenuntius
971 3239 1101 3309 Remus
1129 3238 1235 3308 fuisse
1260 3236 1345 3305 mihi

323 3358 480 3447 videtur3
503 3379 672 3449 quocum,
691 3366 730 3426 ut
751 3355 859 3448 ipsius
873 3358 981 3427 verba
997 3379 1182 3450 usurpem,
1197 3356 1245 3425 ita
1262 3375 1345 3424 con·

322 3476 485 3546 cludam:
507 3502 524 3545 <r
544 3478 682 3547 Nullam
701 3485 859 3548 naturam
877 3484 948 3545 tam
962 3474 1095 3544 firmam
1115 3481 1345 3545 constantem·

322 3613 390 3680 que
409 3615 502 3682 esse,
527 3594 611 3686 quin
630 3594 827 3685 cognitione
848 3593 901 3662 sui
924 3601 958 3664 et
976 3592 1103 3663 virium
1122 3613 1263 3662 suarum
1280 3590 1339 3662 de·

321 3709 508 3800 scriptione
524 3710 655 3780 firmior
671 3720 705 3779 et
722 3712 935 3782 constantior
955 3738 963 3780 :
993 3711 1121 3780 nullam
1140 3719 1255 3780 autem
1273 3717 1344 3778 tam

321 3827 522 3920 languidam
540 3836 574 3897 et
595 3827 785 3917 abjectam,
807 3831 892 3921 quin
912 3830 1112 3920 adjumento
1129 3829 1213 3899 artis
1230 3827 1345 3898 acrior

320 3958 355 4018 et
369 3947 516 4019 alacrior
530 3945 616 4018 effici
629 3948 738 4039 possit
751 3950 815 4036 (2).
835 3975 852 4015 n

349 4225 381 4284 (1)
392 4222 493 4273 llialort.
508 4227 606 4286 partit..
624 4223 666 4273 tol.
677 4227 701 4284 2,
713 4228 736 4274 3.

351 4310 387 4362 (t)
400 4305 462 4353 Ibid.
475 4341 482 4364 ,
495 4305 535 4354 tol.
548 4308 559 4352 l
574 4309 636 4362 v.,5
652 4312 712 4355 rect.
815 4327 818 4336 ,
