2916 5062
729 426 923 498 ..32-

310 585 379 656 mis
388 582 602 679 principibus
614 605 633 656 o
644 583 816 678 primariis
824 583 1025 654 civitatibus
1037 583 1197 680 exhiberi
1212 587 1334 674 solent,

313 701 336 771 ii
351 709 432 772 sunt
442 701 550 772 namo
562 723 624 794 per
634 701 769 793 aliquot
776 697 971 774 [lsrmaniae
987 700 1093 770 urbes
1106 702 1279 792 exhibiti(
1304 701 1334 799 ),

311 818 357 888 itu
385 828 424 889 ut
447 819 542 912 apud
565 827 706 890 exteros
723 819 854 891 versari
876 839 946 889 non
969 818 1076 890 modo
1100 819 1208 891 turtius
1228 843 1338 912 quam

238 915 242 924 ’
311 936 407 1028 apud
422 956 520 1021 suos,
536 935 600 1006 ssd
616 929 721 1006 etiam
741 935 854 1026 magis
871 933 1103 1006 honorificum
1120 935 1233 1005 luerit.

358 1053 401 1124 Ut
414 1052 640 1146 Argentinam
655 1054 804 1148 primun
821 1053 952 1144 attigit,
969 1054 1073 1124 ioan.
1093 1053 1265 1124 Sturmius
1278 1055 1338 1149 (2)

309 1171 507 1252 Academiae
523 1181 645 1245 auctor
657 1181 853 1264 rectorque,
869 1179 1088 1265 peramanter
1097 1191 1178 1242 eum
1196 1172 1339 1264 excepit

308 1291 473 1385 (nuptias
486 1291 728 1363 celeberrimas
739 1291 881 1379 omitto,
896 1289 932 1360 in
945 1311 1035 1381 quas
1050 1311 1161 1381 quum
1175 1289 1338 1362 inciderit

301 1391 459 1498 limus,
476 1431 605 1502 magno
617 1408 773 1480 omnium
792 1409 962 1502 applausu
977 1417 1013 1480 ct
1028 1407 1147 1478 laetitia
1167 1415 1336 1502 exceptus

307 1537 380 1616 cst3
398 1549 596 1621 magnaque
613 1527 716 1598 turba
736 1527 879 1598 honoris
903 1548 1011 1598 causa
1028 1527 1232 1617 comitatae,
1252 1549 1332 1599 ora·

308 1648 420 1719 tiones
446 1646 611 1739 plurimas
639 1647 730 1736 regis
761 1647 870 1717 instar
900 1645 1045 1736 audiit).
1075 1643 1120 1716 At
1142 1667 1226 1717 vcro
1252 1667 1331 1716 cum

306 1765 458 1836 Sturmio
473 1765 551 1858 ipso
567 1764 610 1834 de
625 1764 826 1835 liberalibus
841 1763 987 1853 sturliis,
1008 1765 1053 1836 de
1064 1765 1195 1857 optima
1207 1765 1331 1855 juven·

306 1883 390 1954 tntis
404 1881 633 1968 institutione,
646 1882 690 1953 dc
709 1881 861 1974 praemiis
873 1882 1105 1972 ingenuarum
1115 1882 1327 1975 vigiliarum,
1377 1871 1385 1879 ’

306 2003 349 2074 dc
368 2000 612 2095 prestantibus
625 1999 773 2093 ingeniis
788 2000 834 2072 ad
848 2001 1012 2072 virtutem
1028 2000 1243 2091 excitandis,
1259 2025 1329 2074 ser-

306 2141 426 2192 mones
434 2119 754 2210 multosvariosque
765 2118 943 2211 superiore
952 2120 1010 2190 illa
1020 2119 1139 2190 laetitia
1147 2119 1328 2212 gratiaque
1394 2167 1395 2170 =

305 2238 409 2331 longe
427 2238 577 2309 laetiores
589 2247 625 2308 et
645 2237 815 2328 gratiores
832 2237 954 2308 habuit
971 2240 1035 2328 (3).
1057 2237 1207 2308 Conradi
1220 2239 1327 2332 Dasp-

305 2357 400 2451 podii
416 2356 691 2429 benevolentiam
711 2377 854 2448 quoque
872 2353 1052 2428 'assiduam
1068 2366 1323 2451 experisset,

303 2477 365 2571 qui
397 2474 643 2548 bibliothecam
677 2473 981 2567 locupletissimam
1017 2475 1127 2546 llamo
1164 2476 1323 2570 aperuit,

303 2615 410 2686 seque
429 2604 464 2666 ct
481 2615 544 2666 sua
563 2592 680 2664 omnia
700 2591 886 2663 liberaliter
902 2592 1027 2663 obtulit
1043 2591 1108 2688 (i).

350 2713 508 2804 Friburgi
534 2714 590 2804 (5)
617 2719 762 2812 tantum,
775 2703 1007 2804 pcmoctairit3
1039 2720 1189 2782 attamen
1221 2731 1324 2783 mane

302 2839 486 2922 antequam
511 2829 730 2915 diseederet,
759 2830 942 2900 Erasmum
965 2829 1153 2900 Osvaldum
1175 2828 1327 2900 Schrec-

300 2946 540 3018 kenluchsium
568 2998 577 3034 ,
609 2945 732 3037 Freigii
767 2967 925 3040 socerum
957 2945 1075 3034 vidit,
1110 2945 1256 3036 ejusque
1288 2945 1325 3015 in

301 3065 518 3138 bibliotheca.
529 3064 701 3158 sphaeram
722 3066 829 3136 aeneis
858 3065 925 3136 filis
950 3065 996 3136 ad
1015 3064 1194 3158 Copcrnici
1210 3063 1324 3160 hypo-

300 3187 413 3260 theses
429 3184 574 3280 artificio
589 3184 756 3276 singulari
773 3193 1012 3256 constructam·
1024 3183 1169 3254 miratus
1182 3192 1235 3253 est
1251 3179 1320 3276 (6).

346 3285 514 3384 Basileam
529 3303 655 3376 deinde
672 3302 1030 3396 Friburgoreniens,
1054 3303 1084 3373 J.
1103 3301 1166 3372 Th.
1187 3301 1321 3394 Freigio

329 3625 365 3690 (t)
381 3625 497 3685 nancel,
517 3638 543 3688 p.
558 3629 597 3675 ⁶13.
609 3652 641 3662 -
652 3625 722 3676 llanc
736 3627 912 3677 Germanicam
925 3628 1073 3692 peregrlnat.
1090 3627 1195 3688 secund.
1209 3625 1322 3690 Theoplr.

298 3709 433 3760 Banoslum
446 3709 455 3767 l
462 3709 480 3759 l.
492 3721 526 3768 c.,
538 3719 562 3771 p.
574 3707 677 3772 2631),
689 3711 732 3771 qni
747 3721 801 3760 scsc
812 3709 890 3760 Remo
899 3713 1016 3762 comitem
1026 3710 1191 3772 adjunxerat,
1201 3713 1227 3761 et
1239 3709 1263 3762 J.
1273 3709 1320 3759 Tlr.

298 3793 421 3854 Frelglum
433 3793 473 3856 lp.
486 3795 515 3842 36
530 3791 596 3856 sqq.)
608 3791 780 3842 describimus.
795 3791 833 3842 cl.
848 3793 926 3843 Gutal.
942 3806 983 3855 op.
995 3792 1081 3855 Romi,
1093 3797 1157 3856 part.
1170 3791 1216 3850 lll,
1229 3805 1258 3842 n.
1269 3795 1293 3842 τ.

327 3875 363 3941 (2)
379 3875 434 3928 vlo.
453 3875 558 3926 Prooem.
579 3875 748 3926 mathematis.
759 3913 765 3934 ‚
778 3876 796 3926 l.
809 3876 847 3936 ll,
861 3876 908 3926 sub
926 3875 988 3938 lln.;
1003 3875 1099 3926 Praelut.
1113 3875 1195 3926 schol.
1209 3877 1235 3924 in
1247 3875 1319 3926 llbcr.

295 3956 372 4004 eries.

325 4037 360 4100 (3)
378 4037 483 4094 Bonos..
495 4049 520 4098 p.
533 4037 578 4094 263
593 4034 687 4096 luere,
699 4048 725 4097 p.
736 4038 776 4084 36.

324 4122 357 4184 (t)
374 4121 469 4183 orere,
482 4119 542 4169 ibid.
557 4119 592 4169 lte
606 4118 727 4182 basypod.
741 4117 792 4167 vid.
806 4117 912 4168 Prooem.
923 4119 1085 4178 mathemat,
1103 4118 1122 4167 l.
1131 4117 1161 4166 ll.

323 4203 356 4266 (6)
372 4203 496 4266 Freyburg
507 4207 533 4253 in
545 4203 665 4264 Brlsgoln.

323 4286 358 4349 (6)
374 4286 455 4336 banos
471 4322 477 4348 a
493 4300 518 4348 p.
530 4290 573 4344 ²73
587 4287 657 4348 Fretg
676 4325 682 4346 ,
695 4301 719 4350 p.
734 4291 773 4337 36.
