2916 5062
711 422 903 499 -26-

298 577 366 660 dits
378 582 427 658 dc
437 587 553 658 Govea
566 596 601 658 et
615 588 776 659 llamusd
795 588 943 681 perscire
954 589 1045 659 leurs
1058 587 1234 683 disputes,
1250 585 1319 662 elin

295 727 366 798 que
385 727 448 799 per
463 705 581 778 lesdits
594 727 757 777 censeurs
773 729 863 778 nous
878 708 947 778 iusi
963 708 1081 778 donne
1100 709 1184 780 ledit
1196 709 1316 796 advis,

297 826 508 898 nonobstunt
529 825 614 896 ledit
639 828 739 918 appel
766 835 800 897 et
825 834 941 898 eatres
966 825 1195 920 appellatione
1218 830 1320 919 quel-

296 964 451 1034 conques
471 969 479 1013 ε
502 943 640 1014 suivant
655 944 839 1035 lesquelles
855 965 921 1015 nos
936 944 1071 1032 lettres,
1091 955 1231 1016 eusseut
1251 947 1317 1017 les-

299 1061 368 1133 dits
380 1063 425 1134 de
437 1064 554 1134 chdu
566 1071 601 1134 et
621 1064 751 1134 liumus
761 1059 926 1134 derechsi
933 1083 1098 1157 compara
1113 1064 1320 1156 par-devant

298 1184 417 1256 lesdits
442 1203 625 1270 ceuseurs,
657 1192 691 1256 et
716 1192 847 1278 voyant
871 1201 940 1275 que
968 1203 1031 1277 per
1055 1181 1168 1278 iceluy
1190 1181 1320 1254 liumus

297 1303 416 1375 lesdits
433 1303 537 1374 livres
551 1325 594 1374 ue
608 1325 645 1374 se
663 1303 866 1396 pourrcieut
877 1303 1071 1392 suustenir,
1089 1311 1167 1374 eust
1180 1303 1320 1375 decime

294 1421 374 1492 n’en
392 1421 530 1492 vouloir
551 1421 629 1515 plus
642 1421 817 1516 disputem
845 1429 881 1490 et
904 1419 988 1512 qu’il
1017 1422 1066 1490 les
1083 1421 1318 1492 suamettuitd

295 1541 329 1610 iu
350 1559 496 1612 censure
517 1539 580 1612 des
605 1541 728 1611 dessus
750 1539 836 1627 dits;
859 1548 894 1610 et
921 1557 1056 1610 comme
1079 1559 1125 1609 ou
1145 1559 1169 1634 y
1187 1539 1321 1610 vuulait

296 1657 483 1748 procedet,
503 1656 622 1725 lesdits
635 1656 679 1725 de
689 1655 839 1738 Queutin
853 1663 888 1725 et
900 1655 1107 1744 Beuumont‚
1130 1650 1203 1724 l’un
1218 1653 1320 1747 apres

295 1775 439 1862 luntre,
469 1782 612 1843 eussent
638 1773 775 1844 decime
796 1793 840 1844 ue
861 1773 934 1844 s’eu
952 1773 1091 1844 vualoir
1108 1774 1187 1866 plus
1202 1782 1317 1844 entre·

295 1899 428 1963 mettre.
449 1891 505 1961 Au
524 1913 650 1987 moyen
675 1891 720 1962 de
742 1891 826 1984 quoi
853 1900 930 1963 eust
953 1893 1067 1987 iceluy
1094 1891 1221 1963 Remus
1247 1897 1320 1963 este

298 2013 431 2080 somme
442 2019 477 2080 et
490 2011 696 2102 requisd'eu
706 2011 996 2089 clirsetuommer
1006 2010 1103 2082 deux
1115 2019 1231 2082 autres
1246 2007 1314 2105 (i).

296 2128 342 2198 Ce
354 2127 440 2218 qu’il
456 2125 569 2198 u’eust
582 2128 690 2199 vcuiu
710 2129 818 2217 faire,
836 2137 923 2199 etse
939 2130 1009 2198 iusi
1025 2128 1075 2200 du
1096 2137 1173 2199 tout
1190 2129 1322 2199 soumis

294 2267 368 2315 aux
383 2244 468 2316 trois
493 2254 609 2316 autres
626 2245 749 2317 dessus
766 2267 922 2317 nommez
943 2243 1021 2341 (2),
1052 2249 1204 2338 lesqusls
1219 2245 1322 2339 apres

294 2364 393 2434 avoir
409 2365 441 2434 le
459 2373 535 2435 tout
549 2383 616 2436 vcu
633 2374 668 2436 et
682 2365 862 2436 considere
878 2375 1017 2436 eussent
1030 2369 1085 2436 cte
1104 2365 1240 2438 d’udvis
1259 2362 1316 2462 (3)

295 2503 364 2573 que
379 2483 462 2554 ledit
478 2483 606 2556 Remus
624 2485 719 2558 uvcit
730 2488 802 2556 este
817 2483 1017 2569 temereire,
1033 2493 1243 2576 arrogantet
1255 2485 1319 2554 im·

296 2602 428 2694 pudent
446 2602 581 2676 d’avoir
598 2607 769 2697 reprcuvc
785 2614 819 2674 et
837 2604 1032 2674 condamus
1052 2604 1084 2674 le
1097 2605 1186 2674 traiu
1209 2614 1244 2675 ei
1264 2613 1317 2675 art

294 2720 339 2790 de
350 2721 492 2812 legique
507 2741 609 2793 receu
627 2722 671 2793 de
683 2724 857 2793 toutesles
868 2717 1021 2810 uatious,
1037 2743 1106 2813 que
1118 2724 1178 2816 luy
1189 2743 1319 2793 mcsme

294 2835 463 2926 ignardi,
485 2845 520 2906 et
537 2858 607 2928 que
623 2857 727 2929 perce
749 2841 853 2930 qu'eu
876 2859 939 2909 scu
958 2839 1044 2908 livre
1068 2839 1131 2911 des
1148 2837 1316 2911 Animad-

322 3201 359 3264 (ι)
375 3199 478 3250 lluiium
493 3211 547 3250 suc
564 3209 646 3251 cauae
665 3201 832 3262 defensurum,
847 3207 902 3265 posi
922 3201 1034 3263 Quintiui
1051 3205 1077 3252 ei
1092 3197 1215 3252 liemcutii
1234 3209 1320 3250 secca-

290 3298 364 3344 sum,
384 3283 478 3337 liumus
494 3283 540 3334 sibi
558 3284 691 3336 conciliare
707 3287 807 3348 patuit:
828 3289 899 3338 tenta
919 3290 972 3335 eret
992 3287 1019 3338 iu
1037 3285 1170 3334 Academia
1186 3281 1319 3335 parisiensi

290 3367 580 3419 Aristotelisauciuritas.
590 3370 629 3417 Sic
640 3373 726 3418 autem
739 3369 762 3419 l.
777 3369 968 3432 Cerpcniurius:
986 3388 997 3413 ι
1011 3364 1108 3418 Interea
1122 3380 1181 3418 rere
1193 3368 1238 3418 tihi
1249 3379 1319 3429 qum-

291 3453 369 3500 sivisti
380 3451 501 3502 iacobum
509 3451 638 3516 sylvium,
653 3452 684 3502 ad
696 3449 863 3503 defendendas
874 3451 981 3514 pueriles
995 3455 1021 3502 iu
1036 3451 1209 3513 antiquitatem
1220 3463 1319 3514 lingitur

292 3534 428 3584 tustutelis
448 3536 654 3589 admiratorem..
669 3570 696 3586 ..
720 3539 763 3599 qui
778 3538 812 3587 liu
830 3537 973 3602 respondit,
993 3535 1064 3586 iaciie
1082 3540 1111 3586 ut
1126 3545 1241 3588 cerneres
1259 3548 1320 3589 cum

292 3625 343 3667 nun
353 3616 444 3666 habere
456 3621 556 3667 tantum
569 3621 627 3682 otii,
639 3623 681 3681 ut,
699 3624 747 3670 etc.
760 3654 768 3670 .
783 3656 791 3671 .
807 3654 814 3671 .
837 3620 919 3681 Quure
933 3631 992 3669 cum
1007 3621 1135 3669 nemiuem
1146 3621 1265 3682 reperires
1276 3623 1320 3681 qui

293 3701 336 3829 {2⁰⁰
349 3700 452 3747 nomine
463 3699 528 3749 lianc
539 3699 679 3751 molestiam
690 3699 833 3761 devoraret,
846 3706 894 3751 etc.
905 3735 929 3750 ..
944 3739 948 3749 .
961 3699 1113 3750 »dalmatic
1132 3701 1158 3749 in
1169 3700 1228 3750 dial.
1240 3702 1318 3750 instit.

314 3779 404 3830 .Rami
414 3815 422 3840 ,
433 3780 475 3830 iai.
491 3784 528 3830 ii.

324 3860 360 3926 (2)
377 3863 441 3912 «vii
460 3862 643 3914 emendarem
657 3865 760 3914 omniuo
773 3863 852 3919 cedis,
865 3867 940 3925 etque
958 3863 1010 3912 haec
1032 3869 1075 3914 tua
1091 3876 1169 3914 manu
1185 3867 1212 3913 in
1228 3871 1318 3915 actua·

294 3947 337 3995 riis
348 3947 439 3996 nostris
450 3946 567 3996 describis
579 3959 584 3988 =
599 3966 610 3989 ι
622 3945 730 4006 liumus,
746 3947 805 4006 quia
826 3943 916 4006 magua
927 3945 1040 3996 molestia
1049 3947 1145 4008 judices
1158 3947 1226 3998 videt
1236 3947 1316 4004 allici,

293 4033 317 4076 ct
328 4041 446 4090 maguum
454 4031 572 4092 temporis
579 4029 702 4090 iacturam
713 4031 812 4093 propter
825 4028 934 4078 edictum
944 4031 1040 4092 regium
1048 4029 1120 4089 iacit,
1132 4030 1198 4080 redii
1209 4031 1320 4094 disputa·

294 4113 369 4170 iiani,
390 4115 422 4160 ei.
437 4123 490 4162 rem
504 4115 583 4162 iciam
603 4111 730 4171 judicibus
748 4113 878 4174 permitiit.
892 4129 904 4158 u
918 4111 941 4162 l.
960 4111 1091 4176 Carpum„
1111 4110 1264 4164 Animudv.
1286 4116 1318 4164 ln

296 4191 373 4242 mar.
385 4195 470 4244 instit.
485 4193 521 4254 P.
533 4193 630 4255 Remi,
642 4193 684 4243 ici.
701 4197 729 4243 ia
743 4197 801 4243 reci.

299 4267 308 4272 ’“
328 4271 362 4336 (3)
379 4273 440 4324 Vide
453 4286 541 4337 supra,
552 4287 577 4337 p.
595 4277 638 4336 22,
652 4277 709 4328 truie
720 4276 767 4337 (i),
783 4277 859 4326 trium
871 4275 1021 4326 arbitrorum
1032 4279 1190 4326 seutentiam.
