2916 5062
718 383 911 450 ..16-

298 546 483 636 collegium
499 542 571 637 (l),
591 543 651 614 ubi
669 543 773 614 horas
794 542 1028 631 lectionesque
1048 561 1129 611 suas
1146 541 1192 613 ita
1208 489 1334 613 distri-

303 669 431 753 buunt,
451 673 489 734 ut
505 665 634 734 llamus
655 662 776 732 ceteris
792 661 930 753 praesit,
950 659 1164 750 modumque
1189 660 1334 733 dicendi
1447 689 1448 768 p

302 807 343 854 ac
361 782 509 856 docendi
529 779 734 874 praescribat
761 778 826 874 (2).
848 778 977 850 Latinis
995 799 1112 870 graeco
1134 800 1225 850 novo
1240 801 1333 870 quo-

302 903 383 974 dam
401 922 499 972 more
516 909 551 972 et
569 899 736 970 hactenus
760 898 795 968 iu
815 897 1000 970 Academia
1013 897 1197 969 Parisiensi
1215 898 1330 968 inusi-

302 1027 392 1106 tata,
412 1017 585 1106 simulque
601 1036 680 1084 cum
696 1013 895 1104 eloquentia
911 1012 1188 1105 philosophiam,
1206 1022 1333 1106 poetas
1447 997 1448 1072 Ῠ

303 1147 408 1228 atque
424 1144 580 1208 oratores
592 1133 721 1227 pariter
732 1131 1174 1226 explicandoconjungunt
1191 1131 1261 1224 (3).
1279 1133 1332 1202 Fit

303 1274 492 1326 concursus
507 1255 630 1346 ingens
642 1252 860 1340 auditorum,
876 1251 1102 1343 omniumque
1116 1252 1327 1343 applausus,

303 1371 478 1468 praecipue
494 1395 574 1444 eum
591 1373 720 1444 Ramus
737 1369 986 1444 declamitaret.

353 1505 487 1577 luteres
499 1505 584 1576 dum
600 1503 802 1575 liberalibus
815 1503 1031 1573 incumberet
1041 1501 1184 1590 studiis,
1198 1523 1331 1573 veram-

303 1643 372 1713 que
384 1623 510 1704 artium
523 1631 557 1692 et
574 1620 743 1713 inprimis
759 1620 949 1690 dialecticae
965 1620 1213 1690 institutionem
1229 1642 1333 1711 quae-

307 1748 397 1809 reret
412 1740 514 1810 simul
534 1739 779 1829 inventamque
796 1737 902 1827 alios,
924 1759 994 1810 non
1012 1740 1086 1812 sine
1101 1741 1335 1832 quorumdam

305 1858 457 1948 invidia,
476 1859 637 1945 doceret,
661 1866 742 1928 ecce
761 1857 850 1928 intra
870 1879 997 1929 annum
1020 1880 1145 1929 unxnrn
1170 1855 1222 1953 (i)
1244 1858 1337 1928 duos

307 1977 431 2065 libros,
451 1987 490 2048 ut
501 1999 577 2049 suae
596 1977 705 2071 ipsius
719 1977 888 2048 doctrinae
908 1987 941 2048 et
961 1977 1104 2048 rationis
1121 1976 1332 2070 specimina,

308 2094 433 2184 edidit,
453 2117 604 2187 quorum
617 2096 678 2167 uui
694 2097 813 2167 titulus
829 2107 924 2169 crat:
945 2097 1165 2168 Aristotelicoe
1178 2099 1336 2168 animad-

309 2221 474 2288 versiones
480 2241 493 2303 ;
514 2217 600 2286 alter
618 2215 804 2309 inscriptus
820 2225 914 2286 erat:
935 2217 1126 2287 Dialecticoe
1141 2220 1335 2306 partitiones

309 2335 354 2402 ad
363 2334 569 2404 Academiam
588 2338 807 2406 Puricicncem
822 2331 894 2427 (5).
909 2333 1096 2425 Utriusque
1108 2331 1186 2402 libri
1202 2353 1333 2426 propo·
1447 2399 1448 2402 ,

308 2453 412 2523 situm
430 2453 485 2522 vel
500 2474 545 2522 ex
565 2452 606 2522 iis
631 2474 712 2543 quae
732 2453 948 2546 supradicta
972 2461 1072 2540 sunt,
1094 2453 1177 2523 satis
1198 2451 1333 2544 perspi-

310 2594 413 2642 cuum
425 2567 606 2641 habemus.
623 2572 755 2665 Nempe
770 2571 869 2640 Rami
881 2571 1075 2661 dialectica,
1095 2592 1219 2664 parum
1237 2568 1333 2640 Aris·

309 2689 469 2776 totelica,
498 2689 534 2757 in
549 2689 743 2759 Dialectiois
761 2689 1005 2784 partitionibus
1025 2691 1200 2780 eleganter
1218 2689 1333 2758 brevi-

310 2816 431 2896 terque
456 2807 567 2876 luerat
587 2806 778 2899 descripta;
804 2807 889 2877 nihil
914 2817 1029 2878 autem
1049 2807 1085 2878 in
1107 2805 1336 2878 Aristotelicis

310 2923 669 2994 animadversionibus
681 2925 923 3016 reperiendum
940 2935 1034 3010 erat,
1055 2925 1120 2996 nisi
1142 2923 1337 2996 Aristotelis

313 3041 429 3113 vivida
460 3041 624 3133 quaedam
654 3044 851 3136 acerbaque
882 3066 1047 3134 censura,
1068 3053 1115 3116 et
1142 3066 1224 3136 quae
1255 3067 1336 3116 cum

312 3161 428 3254 priore
441 3161 500 3232 illa
513 3162 700 3254 magisterii
716 3163 804 3233 thesi
823 3163 1016 3234 consentire
1028 3164 1216 3236 videretur.
1229 3164 1336 3236 „Scili-

344 3484 380 3552 (t)
395 3488 535 3540 Obscurum
546 3490 609 3541 illud
625 3505 654 3542 ac
667 3504 817 3555 perparvum
833 3494 991 3554 gymnasium
1003 3491 1143 3542 llarianurn
1154 3492 1291 3552 dicebatur,
1305 3494 1338 3543 ab

314 3573 432 3636 inscripto
445 3573 524 3622 valvis
541 3574 629 3624 titulo:
641 3575 707 3626 Ave
724 3575 829 3626 Maria.
855 3575 890 3626 lle
906 3589 956 3638 quo
972 3575 1024 3626 vid.
1043 3575 1132 3635 uelit,
1151 3578 1170 3626 t.
1190 3575 1215 3637 l,
1235 3590 1260 3638 p.
1274 3578 1337 3638 593,
1447 3615 1448 3618 ,

313 3655 346 3706 ad
355 3669 415 3705 ann.
434 3659 503 3706 1339.
516 3656 552 3706 Cl.
569 3657 606 3707 liu
619 3657 721 3722 Boulay.
733 3663 753 3708 t.
769 3658 835 3722 lV‚p
855 3663 912 3709 att.
1321 3717 1322 3721 ἵ

345 3735 382 3803 (l)
394 3757 406 3782 «
418 3738 450 3790 Ut
458 3739 609 3802 splendidior
617 3745 643 3792 et
653 3741 830 3802 honorabilior,
840 3753 884 3790 seu
896 3743 1038 3791 honoratior
1047 3745 1122 3804 atquc
1130 3741 1232 3802 doctior,
1243 3745 1269 3792 et
1279 3755 1339 3794 rem

315 3825 445 3883 majestate.
454 3835 499 3872 suo
511 3825 619 3887 quadam
629 3827 712 3876 nabla
723 3826 813 3888 dignus
824 3826 957 3887 imperior
972 3825 1088 3890 Narrat,
1103 3840 1128 3890 p.
1142 3829 1180 3876 tt.

347 3905 382 3970 (3)
399 3905 449 3966 ld.,
464 3906 524 3957 ibid.
539 3907 576 3958 Cl.
591 3909 651 3959 Tres
665 3910 818 3958 orationcsa
838 3908 869 3968 P,
885 3907 978 3968 hamc,
998 3909 1141 3966 llud.''lal.‚
1159 3909 1245 3959 Barth.
1267 3908 1338 3961 illex.

316 3989 419 4040 Lutetlae
430 3991 456 4039 in
469 3990 579 4040 Mariano
589 3993 718 4053 gymnasio
729 3990 823 4050 habit,
837 4003 898 4040 ann.
911 3993 980 4040 till.

347 4071 382 4136 (l)
398 4071 516 4135 Septimo
534 4088 607 4124 acuo
623 4077 678 4137 post
696 4077 838 4136 susceptam
858 4075 968 4136 magistri
990 4074 1119 4132 lauream,
1136 4076 1217 4136 inquit
1236 4074 1340 4135 Bonos..

317 4167 343 4216 p.
355 4159 380 4204 t.
396 4174 407 4199 r
420 4155 505 4206 Annos
514 4161 589 4205 natus
599 4159 644 4216 rs,
657 4175 667 4198 ι
681 4157 732 4217 inq.
744 4155 838 4216 urens..
851 4169 876 4219 p.
888 4160 924 4205 13.

349 4234 386 4300 (ὁ)
402 4237 456 4288 Viri.
473 4237 537 4288 inira
547 4238 656 4299 Crtalog.
671 4251 774 4301 operum
782 4237 863 4288 namt.
