2912 5066
555 332 772 400 -t59-

143 501 308 564 naturam
328 491 623 583 imitationemque
646 501 781 564 naturae
815 504 1006 582 revocaret,
1025 503 1172 586 eamque

143 612 184 680 in
209 611 349 704 optimis
371 611 598 704 scriptoribus
622 613 801 684 observari
820 634 922 706 posse
942 625 1166 696 asseveraret.

197 731 254 799 Vl.
281 731 411 800 Remus
437 730 528 801 euim
548 738 681 802 veteres
700 732 877 824 praecipue
901 733 1089 820 adamavit,
1112 755 1172 804 eo·

146 870 295 940 rumque
306 870 429 940 opera,
451 849 670 937 methodum,
689 859 863 942 praecepta
879 851 1032 921 imitatus
1044 859 1111 938 est,
1134 851 1168 920 in

142 967 232 1056 hoc,
249 967 445 1058 utopiuor,
468 990 547 1038 cum
567 968 680 1038 doctis
703 968 901 1040 hominihus
925 969 978 1038 sui
1005 969 1171 1061 temporis

144 1087 287 1157 omniuo
308 1087 541 1176 consenticus3
561 1109 604 1158 eo
630 1109 713 1159 vcro
742 1088 847 1158 iuturi
872 1088 980 1158 seculi
1004 1109 1168 1180 praenun-

145 1205 231 1291 tius,
246 1204 343 1294 quod
361 1206 415 1281 vel
433 1205 468 1274 iu
491 1214 647 1276 veterum
683 1206 846 1296 operibus
876 1214 1036 1276 naturam
1057 1191 1167 1296 ipsam

144 1323 403 1415 deprehendere
419 1333 624 1395 conaretur:
644 1345 764 1394 verum
783 1323 945 1394 videlicet
960 1323 1167 1413 genuinum-

143 1463 214 1532 que
239 1441 468 1534 philosophiae
487 1440 722 1512 instaurandae
740 1440 948 1535 principium
972 1449 1115 1529 nactus,
1139 1442 1169 1510 si

142 1588 178 1629 το
194 1563 286 1651 γνῶθι
303 1564 444 1642 σεαυτόν,
462 1565 499 1624 ut
516 1555 551 1624 iu
567 1555 725 1638 moribus
742 1563 776 1626 et
796 1555 936 1647 propria
949 1555 1042 1643 vita,
1063 1555 1112 1626 sic
1132 1555 1167 1624 in

142 1673 238 1742 omni
257 1672 437 1766 disciplina
452 1682 619 1764 tanquam
630 1673 797 1744 familiare
807 1682 1020 1766 pracceptum
1028 1683 1170 1744 secutus

142 1789 275 1860 fuisset.
291 1791 334 1860 Ut
347 1791 440 1862 euim
458 1791 494 1860 iu
509 1814 589 1863 eum
606 1813 649 1862 ea
666 1791 773 1862 verba
790 1791 1021 1878 invertamus,
1040 1791 1169 1882 quihus

143 1906 341 1978 Ciceronem
358 1908 566 1980 insectatur:
583 1910 642 1979 «Ο
661 1918 695 1979 te
707 1909 917 2001 sapientem,
932 1909 962 1979 si
973 1907 1168 2000 Apollinem

142 2023 320 2094 verissime
334 2025 395 2094 tibi
406 2027 642 2096 consulentem
652 2026 772 2097 audire
785 2023 971 2096 voluisses!
985 2025 1167 2096 Meministi

142 2141 234 2210 enim
254 2141 548 2232 quemadmodum
565 2143 799 2236 responderit,
820 2153 858 2212 ut
872 2153 1032 2246 naturam
1051 2143 1169 2235 potius

143 2258 268 2330 ducem
289 2283 395 2352 quam
421 2262 608 2332 multorum
636 2264 835 2354 opinionem
860 2283 1044 2352 sequerere
1059 2259 1122 2354 (l).
1146 2287 1163 2329 a

142 2377 263 2468 Neque
286 2389 401 2448 tamen
429 2380 538 2446 Ramo
561 2378 671 2448 deluit
690 2380 808 2467 aliqua
834 2378 996 2447 humanae
1016 2387 1163 2472 naturae,

141 2496 285 2566 rationis
301 2493 494 2583 praesertim
508 2493 673 2583 cognitio.
695 2495 878 2576 Quomodo
898 2502 968 2590 tam
983 2494 1167 2584 magnifice

143 2614 192 2683 de·
201 2613 354 2680 humana
375 2609 508 2680 ratione
531 2613 744 2701 loqueretur,
761 2609 827 2678 uisi
851 2619 964 2681 mente
987 2611 1023 2680 iu
1046 2621 1169 2682 semet-

143 2730 253 2821 ipsam
283 2749 465 2816 conversa,
495 2751 610 2800 rerum
640 2731 739 2820 quasi
768 2737 942 2822 spectator
974 2730 1048 2822 ipse
1080 2729 1164 2799 fuis·

142 2851 193 2914 set
218 2841 299 2937 (2).Ι
326 2843 458 2914 Eodem
488 2866 612 2937 nempe
645 2846 760 2916 auimo
793 2845 966 2933 imbutus,
999 2867 1077 2915 cum
1110 2866 1169 2916 res
1210 2847 1213 2850 ’

173 3182 206 3240 (t)
223 3181 305 3230 schol.
320 3181 422 3241 rhetora,
434 3183 477 3232 lib.
491 3182 537 3242 ΙΙΙ,
548 3183 594 3232 suh
604 3181 648 3230 iia.

173 3264 205 3325 (2)
222 3265 304 3314 schol.
311 3265 380 3326 dial,
392 3266 434 3315 lib.
446 3265 481 3327 ΙΙ,
491 3280 513 3317 c.
527 3272 535 3315 t
558 3268 597 3315 Sic
608 3266 700 3315 liumus
710 3266 741 3314 de
749 3267 844 3314 ratione
852 3263 974 3325 loquitur.
984 3264 1065 3312 verbis
1074 3275 1168 3326 nempe

140 3359 202 3396 usus
212 3360 267 3409 qua
279 3347 342 3399 forte
354 3349 527 3400 llatebranche
542 3361 592 3398 uon
607 3349 797 3409 dcdtguaretur:
815 3347 932 3400 atamen
944 3347 992 3396 hoc
1006 3348 1167 3403 untversum,

139 3430 264 3490 generale,
280 3434 377 3491 totum,
391 3432 468 3481 nullis
478 3431 570 3480 dathus
580 3433 737 3480 terminatur.
749 3430 839 3478 Omnia
850 3442 906 3491 qum
920 3433 1023 3491 possunt
1036 3427 1067 3478 ab
1077 3427 1168 3478 homi-

141 3512 216 3561 uibus
230 3517 341 3572 cognosci
356 3519 380 3564 et
394 3515 510 3575 intelligi,
526 3515 630 3565 luminis
640 3513 717 3574 huius
734 3513 826 3562 atrxillo
837 3518 1019 3574 cognoscuntur
1028 3517 1053 3563 et
1068 3510 1164 3564 intelli-

141 3598 244 3656 guntur.
258 3595 309 3644 lloo
320 3595 428 3656 logicum
440 3595 526 3646 lumen
538 3601 563 3646 ct
578 3597 674 3646 homini
693 3601 827 3656 cognatum
839 3599 863 3644 ct
876 3595 1042 3648 naturale...,.
1056 3596 1121 3647 Cum
1133 3597 1168 3646 de

140 3678 219 3738 logica
234 3678 341 3728 naturali
355 3691 457 3737 moneo,
470 3680 500 3728 de
515 3680 624 3728 hominis
635 3679 742 3728 naturali
755 3684 908 3742 cognatoque
919 3681 1014 3731 lumine
1025 3694 1163 3731 mousom„

141 3761 205 3810 Cum
215 3765 247 3809 stt
257 3775 308 3810 una
321 3764 424 3811 rationis
433 3765 513 3812 virtus
524 3767 549 3812 et
560 3767 665 3820 natura,
678 3763 734 3812 licet
748 3767 772 3811 tu
784 3764 905 3814 distinctis
916 3765 1075 3815 dissimilium
1087 3775 1167 3824 genc-

138 3843 300 3894 rumtiutbus
319 3845 476 3894 moderandis
491 3850 517 3894 et
533 3847 713 3896 constituendis
732 3849 801 3897 varia
820 3847 1069 3906 homiuumtngeuia
1085 3856 1162 3892 occu·

138 3930 274 3988 pentum...
284 3929 323 3976 lex
334 3932 417 3978 tamen
427 3941 478 3978 una
488 3931 648 3994 ratioque.....
660 3930 785 3992 lienique,
797 3933 861 3979 utin
873 3929 968 3978 mundo
978 3927 1014 3975 sol
1026 3930 1064 3975 est
1074 3927 1169 3974 unicus

138 4015 164 4058 et
180 4011 327 4071 singularis,
342 4013 415 4072 cutus
430 4011 486 4064 luce
504 4013 683 4063 collustrantur
696 4025 753 4073 quac
765 4024 872 4073 usquam
885 4013 936 4058 sint
953 4009 1050 4066 omnia,
1061 4009 1097 4055 sic
1113 4020 1168 4058 uua

122 4094 200 4152 *ratio
212 4092 322 4142 hominis
338 4098 376 4143 cst
390 4095 511 4155 generalis
525 4101 550 4146 et
564 4098 722 4151 communis,
735 4107 784 4154 qua
800 4105 840 4142 res
856 4094 960 4140 omnino
977 4101 1064 4138 omnes
1083 4091 1165 4153 expli-

139 4180 228 4224 cantur
245 4182 269 4226 ct
285 4177 464 4240 disceptantur.
480 4178 532 4230 lmo
546 4192 605 4230 vcro
620 4181 662 4228 tur
679 4177 779 4225 rationis
800 4175 854 4222 lure
869 4173 927 4222 solts
946 4172 1018 4232 longe
1036 4172 1125 4224 clarior
1139 4179 1166 4224 ct
