2912 5066
325 493 541 586 hominihus,
561 497 769 589 adquorum
792 519 892 567 usum
908 498 1048 568 inventa
1069 497 1151 568 olim
1169 497 1226 567 illa
1240 503 1275 567 et
1289 518 1355 566 ex·

324 613 469 684 colenda
480 635 615 707 semper
629 614 704 684 fuit.
720 613 804 682 Cum
818 621 934 682 aulem
951 614 1140 704 unicuique
1153 614 1358 684 liberalium

323 731 449 802 artium
485 731 572 802 fines
608 739 722 802 eertos
755 730 1007 820 assignaverit,
1041 733 1249 824 praeclarum
1283 732 1360 824 ipsi

326 849 554 941 philosophiae
574 847 725 918 officinm
754 847 935 940 praestitit,
962 869 1043 938 quae
1068 849 1363 919 distinctionibus
1446 941 1447 946 Ἰ

325 965 454 1055 gaudet
472 975 579 1056 atque
595 966 709 1053 valet;
727 965 877 1056 ideoque
892 966 1113 1036 vehementer
1132 967 1291 1036 admiror
1323 969 1366 1039 id

324 1083 438 1176 ipsum
455 1083 547 1154 Artis
557 1083 734 1175 cogitandi
750 1083 951 1154 auctoribus
969 1083 1216 1176 perridiculum
1230 1083 1364 1155 visum

328 1203 432 1273 luisse
456 1199 528 1296 (l),
555 1223 627 1272 non
643 1203 740 1293 qnod
761 1223 881 1273 omnes
898 1203 996 1272 Rami
1014 1202 1202 1272 divisiones
1222 1202 1361 1273 defini·

327 1321 509 1412 tionesque
527 1319 621 1390 omni
641 1319 727 1390 vitio
751 1339 869 1390 carere
889 1329 1027 1412 putem,
1056 1321 1118 1391 sed
1141 1320 1239 1411 qnod
1257 1321 1361 1392 divi·

327 1439 485 1510 sionibus
498 1459 540 1509 ao
553 1437 812 1509 definitionibus
826 1438 928 1508 certis
941 1459 1020 1508 eum
1031 1439 1066 1508 in
1079 1439 1174 1508 omni
1190 1438 1356 1526 seientia,
1447 1447 1448 1522 i

328 1567 401 1626 tum
424 1555 704 1648 inphilosophia
729 1557 921 1648 praesertim
948 1579 1036 1650 opus
1064 1577 1141 1627 esse
1172 1557 1353 1628 videatur.

327 1675 428 1759 Quod
451 1675 540 1745 hene
561 1674 668 1744 sensit
687 1674 837 1762 Remus,
862 1697 976 1765 neque
1002 1675 1105 1744 velim
1131 1676 1227 1745 illurn
1250 1677 1297 1746 ob
1315 1676 1358 1747 id
1447 1681 1448 1690 ’

328 1793 441 1885 ipsum
465 1790 689 1885 reprehendi,
719 1791 754 1858 in
782 1813 854 1882 quo
878 1794 1074 1864 laudandus
1103 1795 1219 1886 potius
1243 1805 1352 1866 esset.

326 1911 563 1999 Quaeoumque
582 1907 688 1997 igitur
708 1906 752 1978 de
768 1910 890 1979 celeris
914 1910 1104 2002 disciplinis
1127 1911 1257 2002 optime
1275 1933 1354 1982 me-

329 2027 417 2115 ruit,
433 2027 510 2096 haee
527 2024 573 2095 ad
588 2023 818 2117 philosophiae
843 2027 1024 2100 utilitatem
1046 2027 1184 2098 inventa
1203 2031 1257 2098 vel
1279 2038 1357 2099 len-

329 2155 399 2216 tata
416 2153 507 2216 sunt.

378 2265 420 2333 V.
449 2264 516 2335 Sed
546 2265 804 2336 mathematicas
837 2273 928 2334 artes
951 2265 1105 2335 maximo
1134 2266 1250 2336 studio
1273 2288 1356 2336 am·
1448 2275 1449 2280 ’

330 2383 471 2473 plexus,
493 2403 572 2452 cum
584 2383 792 2453 mathemata
809 2381 921 2451 omnis
938 2381 1167 2475 philosophiae
1184 2384 1354 2452 elementa

330 2507 366 2570 et
381 2499 563 2591 principia,
579 2498 691 2569 omnis
701 2518 784 2568 vero
801 2485 1141 2570 methodi'rationem
1160 2521 1235 2569 esse
1257 2500 1354 2570 arhi-

331 2625 479 2686 traretur
505 2614 586 2710 (2),
616 2617 663 2688 ita
690 2615 1007 2686 mathematioarum
1038 2617 1164 2685 artium
1198 2639 1355 2688 amorem

332 2733 517 2824 praeceptis
534 2741 569 2803 et
585 2733 763 2823 exemplo,
784 2733 837 2802 vel
862 2741 1112 2824 postmortem,
1130 2736 1354 2807 commenda·
1449 2763 1450 2766 ¹

333 2847 398 2933 vit,
421 2850 511 2918 utiis
529 2851 747 2940 potissimum
762 2849 885 2921 studiis
896 2872 974 2921 oum
990 2851 1113 2920 eruditi
1126 2871 1259 2938 omnes,
1279 2865 1356 2924 tum

333 2963 528 3056 philosophi
553 2965 589 3034 in
616 2967 735 3058 primis
760 2967 991 3058 indulgerent.
1017 2969 1147 3040 Eadem
1171 2968 1358 3043 instinctus

332 3091 446 3154 mente
462 3083 655 3172 Cartesius,
674 3083 928 3176 philosophiam
946 3087 995 3156 sie
1013 3087 1182 3176 instituit,
1206 3096 1244 3157 ut
1269 3111 1355 3178 geo-

333 3204 465 3276 metriae
482 3203 638 3275 ordinem
656 3202 894 3294 rationemque
910 3204 945 3274 in
961 3206 1232 3300 metaphysieam
1249 3207 1357 3278 intro·

330 3324 461 3394 ducere
478 3322 695 3415 propositum
718 3321 882 3392 habuisse
903 3322 1080 3394 videatne
1095 3326 1144 3394 Ea
1162 3333 1278 3395 autem
1292 3327 1357 3396 luit

333 3439 473 3509 aRamo
483 3446 681 3508 constanter
694 3437 848 3509 adhibita
862 3438 1053 3532 disciplinae
1067 3442 1155 3512 ratio
1170 3464 1211 3512 ao
1224 3443 1358 3514 metho-

330 3555 414 3642 dus,
436 3558 643 3646 geometrica
662 3580 798 3650 nempe,
817 3559 890 3630 sive
905 3561 1135 3654 syllogistica,
1154 3583 1357 3653 quanquam

330 3672 438 3743 altius
450 3682 554 3762 atque
568 3674 726 3745 subtilius
746 3677 789 3746 de
805 3678 972 3749 doetrinae
985 3680 1041 3749 via
1059 3690 1093 3750 et
1106 3679 1238 3772 origine
1253 3680 1356 3750 inda·

331 3790 502 3882 pavisset,
524 3789 653 3883 quippe
675 3792 735 3881 qui
766 3805 857 3866 artes
889 3797 1136 3889 doctrinasque
1166 3820 1286 3870 omnes
1311 3801 1358 3870 ad

249 4119 250 4124 κ
364 4083 400 4146 (1)
410 4084 455 4132 Art
466 4082 601 4145 depensa,
613 4094 693 4146 prem.
704 4082 764 4132 dise.

364 4165 401 4229 (2)
412 4165 494 4216 schol.
507 4166 598 4226 math,
611 4166 631 4215 Ι·.
650 4167 672 4227 Ι,
690 4179 714 4230 p.
736 4173 772 4216 11.
785 4165 820 4215 Gt
834 4166 852 4217 Ι.
864 4166 897 4223 ll,
912 4169 967 4217 lnll.
978 4173 1002 4218 et
1014 4168 1116 4242 passj.
1130 4166 1161 4218 ΙΙΙ
1176 4169 1231 4216 init.
