2912 5066
703 351 918 424 ...128-
1032 391 1039 410 .

303 521 400 598 nato,
429 521 594 605 tanquam
613 512 730 584 herbae
750 513 890 582 inutiles
915 513 950 582 in
972 515 1048 585 solo
1072 514 1202 584 inculto
1217 515 1278 606 (l).
1300 538 1321 580 n

300 629 413 712 Quum
428 630 533 720 igitur
546 631 644 701 Vella
663 640 697 700 et
713 628 815 698 Vives
834 628 869 697 in
886 627 1112 702 scholasticos
1133 631 1326 722 inquisive-

301 743 381 832 rint,
396 743 474 814 haec
487 766 568 814 vera
583 745 645 812 luit
658 743 755 814 Remi
767 764 848 812 cum
860 752 1012 835 utroque
1024 746 1201 834 cognatio.
1221 746 1328 816 Hisce

298 862 389 932 enim
415 861 490 954 (vel
518 861 669 949 inscius)
693 861 859 949 ducibus,
887 861 1092 931 acerrimum
1123 863 1211 933 illud
1243 886 1331 934 cum

298 977 514 1048 Aristotelioa
533 977 682 1048 factione
699 985 872 1048 certamen
887 975 998 1046 inivit.
1019 974 1084 1065 At,
1107 1000 1124 1042 r
1143 999 1235 1048 unus
1250 980 1327 1048 Ra-

298 1117 376 1167 mus
387 1148 397 1184 ,
409 1095 523 1188 iuquit
536 1095 751 1183 Bruokerus,
767 1094 865 1187 quod
881 1103 950 1164 tam
966 1093 1066 1164 multi
1080 1093 1326 1184 mussitarunt,

299 1224 416 1308 aperte
430 1215 562 1306 eloqui,
576 1222 610 1285 et
623 1214 720 1306 quod
732 1213 791 1284 alii
806 1213 843 1282 in
855 1213 946 1284 votis
957 1220 1090 1284 tantum
1109 1213 1320 1301 habuerunt,

299 1335 334 1404 in
353 1355 425 1404 rem
439 1334 631 1427 perducere
653 1353 852 1424 novamque
868 1331 1085 1404 dialecticam
1102 1330 1323 1402 introducere

301 1475 408 1524 ausus
424 1461 476 1524 est
497 1450 567 1548 (2).
583 1479 600 1521 n

350 1572 411 1644 His
426 1581 503 1644 orta
517 1571 622 1642 initiis
629 1572 727 1641 llami
739 1572 918 1643 dialectica
931 1624 941 1661 ,
965 1572 1115 1641 fautores
1133 1570 1321 1663 plurimos,

302 1700 340 1761 ul
366 1711 493 1781 magna
515 1710 668 1780 quaeque
692 1689 850 1760 doctrina
882 1690 987 1775 solet,
1014 1687 1080 1758 sibi
1105 1688 1319 1759 conciliavit:

301 1809 382 1881 inde
389 1809 551 1899 frequens
560 1807 617 1878 illa
628 1812 847 1878 nonistorum
860 1807 934 1878 sive
943 1812 1138 1878 Romeorwn
1148 1816 1240 1878 secla
1250 1805 1323 1902 (3),

301 1929 358 1999 cui
375 1949 413 1998 se
436 1926 569 1998 fortiter
587 1926 747 2019 permulti
767 1947 909 2017 quoque
930 1925 1120 1998 adversarii
1147 1946 1323 2019 opposue-

302 2056 407 2116 runt:
428 2043 616 2137 dequibus
633 2045 766 2141 aliquid
786 2045 972 2117 dioendum
994 2045 1097 2116 nobis
1114 2055 1183 2126 est;
1201 2046 1263 2117 sed
1281 2047 1327 2118 de

301 2161 461 2234 Ramistis
481 2161 643 2256 primum.

348 2283 578 2355 Ramistamm
601 2280 729 2354 familia
753 2304 773 2352 a
792 2281 933 2352 Praellea
949 2282 1099 2375 primum
1116 2281 1234 2354 schola
1252 2284 1323 2353 ori-

302 2401 417 2495 ginem
434 2401 536 2473 duxit
554 2426 562 2468 ε
581 2401 641 2472 «E
658 2421 728 2491 qua
742 2400 1009 2472 innumerabiles
1026 2401 1122 2471 viros
1133 2401 1324 2472 eruditissi-

304 2543 380 2594 mos
396 2530 431 2592 et
444 2521 625 2612 utriusque
647 2518 778 2610 linguae
793 2519 1020 2622 peritissimos
1036 2519 1165 2590 exiisse
1183 2546 1200 2588 o
1220 2527 1325 2590 testa-

302 2650 360 2710 tur
381 2640 585 2728 Naucelius,
617 2664 635 2706 «
650 2639 698 2710 ita
723 2646 760 2707 ut
776 2660 837 2731 per
857 2659 967 2709 annos
991 2639 1188 2730 complures
1211 2637 1327 2710 nullus

302 2766 394 2830 esset
408 2758 578 2851 politioris
599 2758 786 2828 literaturae
806 2756 1003 2844 studiosus,
1020 2757 1135 2826 nullus
1154 2757 1327 2827 bonarum

303 2875 430 2946 artium
448 2875 578 2966 peritus
596 2927 606 2961 ,
630 2875 745 2946 nullus
757 2873 847 2946 bene
862 2884 897 2946 et
913 2875 1107 2947 methodice
1125 2875 1324 2964 institutae,

302 2993 417 3062 nullus
434 3009 549 3082 graeoe
563 2998 598 3060 et
615 2991 721 3062 latine
733 2993 892 3082 gnaviter
910 2994 1071 3084 serioque
1086 2993 1248 3082 edoctus,
1265 2994 1325 3084 qui

301 3134 349 3184 ex
362 3109 461 3183 Rami
479 3109 615 3181 officina
629 3130 699 3180 non
715 3110 902 3204 prodierit,
921 3111 1106 3204 theologus
1122 3166 1131 3201 ,
1150 3112 1323 3201 medicus,

178 3235 181 3242 ’
299 3229 601 3320 jurisconsultus,
639 3250 793 3322 praeses,
824 3229 1061 3316 consiliarius,
1094 3239 1320 3323 patronus...

304 3350 443 3420 Possem
457 3345 598 3444 (inquit)
617 3350 772 3443 prolerre
791 3349 959 3442 plurimos
979 3374 987 3417 :
1009 3348 1071 3419 sed
1084 3369 1207 3419 vereor
1218 3370 1262 3419 ne
1278 3369 1326 3418 re

305 3469 478 3540 censendo
493 3467 574 3541 fiam
590 3469 772 3561 prolixior,
788 3469 871 3560 quia
889 3469 1001 3539 lorum
1013 3476 1124 3538 totum
1139 3467 1326 3538 Parisieuse

306 3585 431 3659 talibus
450 3585 533 3655 viris
552 3587 751 3658 clarissimis
770 3589 952 3674 refertum,
987 3607 1107 3658 omnes
1129 3587 1324 3658 Academiae

337 3874 375 3940 (t)
391 3873 425 3924 lle
436 3873 518 3922 causis
528 3877 637 3936 corrupt.
650 3878 708 3935 art,
720 3887 761 3938 ep.
774 3875 864 3926 Bruclr.

338 3958 373 4022 (2)
390 3957 454 4008 lltst.
463 3957 518 4007 orit.
537 3954 637 4019 philos,
648 3957 741 4020 period.
760 3958 791 4010 lll
802 3995 809 4017 ,
822 3963 885 4020 part.
903 3959 941 4020 ll,
954 3959 998 4008 lib.
1011 3959 1047 4019 ll,
1058 3972 1081 4007 o.
1101 3966 1107 4007 t
1121 3995 1128 4017 ,
1140 3957 1156 4022 s
1167 3962 1191 4008 2.

338 4038 373 4105 (t)
393 4041 445 4089 «se
455 4040 568 4090 dormant
579 4052 641 4089 crux
655 4042 699 4102 qul
716 4041 841 4091 estudient
858 4055 890 4090 en
908 4042 1057 4103 dialecllque
1076 4041 1099 4091 le
1113 4053 1172 4091 nom
1185 4046 1210 4092 et
1225 4043 1281 4093 lltre
1297 4043 1324 4092 do

307 4123 473 4173 Romarm
488 4124 571 4188 steph.
586 4123 717 4187 pecunie,
727 4125 745 4175 l.
753 4137 788 4184 o,
798 4125 817 4175 1.
829 4124 875 4186 lx,
885 4139 906 4175 r.
923 4129 959 4179 18.
971 4125 1007 4176 cf.
1018 4125 1148 4183 Gessend„
1160 4125 1194 4176 lle
1206 4126 1254 4188 log.
1266 4129 1324 4187 ortg.

307 4213 332 4254 st
341 4209 440 4269 veriet„
451 4219 473 4257 o.
487 4213 515 4267 93
528 4209 694 4272 ron-noyn,
710 4211 753 4260 llrt
765 4210 907 4274 deponeret,
920 4208 988 4272 prael.
1005 4210 1080 4272 prlor.
