2912 5066
274 543 475 614 dillerentiae
489 543 723 635 intelligantur
739 562 881 614 neccsse
897 551 950 613 est
963 547 995 629 (l
1005 547 1030 632 ).
1048 543 1297 637 Argumentum

274 658 452 730 artificiale
466 670 527 732 aut
538 659 754 733 inartificialia
764 679 841 732 esse
853 659 973 732 statuit
982 661 1134 750 Romus,
1150 681 1300 754 quorum

274 776 360 849 illud
382 778 524 868 quidem
551 800 612 872 per
633 799 697 865 se,
724 779 791 848 hoc
812 786 928 851 autem
954 798 1025 848 non
1051 799 1116 849 sua
1141 789 1299 864 natura,

274 895 337 968 scd
353 904 530 987 assumpta
542 895 691 985 alicujus
699 894 929 966 artificialisvi
942 895 1070 986 arguit.
1081 895 1304 966 lnartillciale

274 1011 366 1082 idem
381 1020 434 1082 est
444 1033 487 1082 ac
501 1012 751 1100 testimonium,
770 1013 867 1104 quod
882 1019 943 1083 aut
958 1011 1149 1082 humanum
1165 1019 1226 1082 ant
1242 1011 1301 1080 di·

272 1128 393 1200 vinum
408 1138 473 1200 ast.
492 1124 680 1202 Artificiale
691 1139 745 1204 est
764 1130 913 1223 primum
932 1181 943 1219 ,
961 1151 1024 1202 seu
1040 1129 1139 1220 quod
1153 1136 1207 1200 est
1226 1147 1305 1200 suae

276 1239 449 1340 originis,
471 1256 532 1320 unt
546 1257 660 1320 ortum
679 1248 850 1341 aprime,
870 1263 932 1320 scu
954 1247 1150 1319 derivatum
1172 1245 1304 1338 :hujus

276 1374 392 1438 autem
410 1363 539 1438 Remus
562 1363 695 1460 species
724 1366 806 1438 lacit
831 1367 1034 1457 conjugata,
1059 1363 1301 1454 neutonam,

278 1481 558 1556 distributionem
574 1504 621 1556 ex
640 1483 755 1555 causis
774 1492 880 1574 atque
896 1482 1050 1571 allectis,
1071 1475 1304 1574 subjectanea

278 1609 313 1672 et
341 1600 526 1693 adjunctis.
555 1601 743 1672 Artificialo
767 1601 917 1694 primum
941 1600 1066 1672 dividit
1096 1601 1130 1670 in
1156 1601 1304 1694 simplex

278 1727 312 1788 et
329 1728 588 1811 comparatum,
609 1719 707 1808 quod
724 1717 856 1788 scilicet
868 1725 1091 1809 comparatur
1110 1735 1190 1787 cum
1207 1717 1300 1788 alio:

280 1833 378 1924 quod
400 1833 542 1924 quidem
568 1831 608 1904 lit
630 1831 703 1904 sive
730 1853 791 1926 per
821 1833 1078 1924 quantitatem,
1106 1831 1304 1925 quomodo

280 1959 361 2022 sunt
376 1952 475 2044 paria
490 1960 551 2024 ant
568 1950 739 2044 imparia,
761 1951 830 2022 hoc
852 1961 905 2022 ast
919 1953 1053 2042 majora
1070 1953 1126 2023 vel
1142 1953 1303 2040 minora,

280 2067 353 2140 rive
376 2087 438 2162 par
461 2069 691 2162 qualitatem,
720 2090 793 2163 quo
816 2069 922 2140 modo
945 2077 1026 2140 sunt
1053 2069 1179 2140 similia
1201 2069 1307 2161 atque

282 2185 473 2260 dissimilia.
499 2188 616 2281 Ipsum
643 2187 792 2280 simplex
812 2187 895 2259 lacit
923 2195 984 2258 aut
1003 2196 1304 2276 consentaneum,

282 2313 454 2396 quatenus
473 2306 644 2378 consentit
660 2327 739 2376 cum
757 2325 815 2396 re,
839 2314 900 2376 ant
915 2305 1197 2396 dissentaneum,
1216 2327 1305 2398 qua·

281 2431 382 2496 tenue
403 2423 573 2496 dissentit.
604 2424 868 2494 Dissentaneum
893 2433 1011 2494 antem
1036 2422 1184 2516 partitur
1202 2423 1237 2494 in
1255 2424 1308 2496 dt«

282 2563 382 2615 versa
412 2553 447 2616 et
478 2543 661 2637 opposita,
688 2541 765 2614 haec
785 2541 821 2612 in
845 2541 1022 2635 disparata
1052 2550 1087 2612 et
1112 2543 1304 2632 contraria,

285 2661 529 2752 contrariaque
549 2661 585 2731 in
604 2662 736 2750 relata,
756 2659 923 2749 adversa,
948 2658 1137 2753 privantia,
1168 2671 1307 2732 contra-

285 2775 448 2846 dicentia.
489 2777 574 2848 Tum
609 2777 816 2849 resumendo
851 2788 1146 2866 consentaneum,
1178 2778 1247 2848 hoc
1278 2778 1312 2848 si.

285 2893 444 2965 absoluto
465 2893 601 2984 argunt,
632 2915 775 2980 causam
803 2893 908 2990 (quae
937 2905 1001 2968 est¹
1018 2919 1130 2970 unae
1157 2904 1313 2990 quatuor
1405 2971 1407 2976 ,
1450 2987 1451 2992 ¹

286 3008 530 3105 aristotelicis)
550 3018 610 3081 aut
629 3010 812 3102 effectum,
836 3014 866 3084 si
886 3032 970 3085 voro
996 3015 1151 3106 qaedam
1178 3015 1285 3088 modo
1298 3061 1312 3103 ,
1450 3045 1451 3048 Ν

286 3128 479 3220 subjectum
498 3136 559 3200 aut
576 3111 779 3220 adjunctum
799 3151 876 3202 esse
893 3132 1087 3225 profitetur.
1450 3117 1451 3132 ¹

334 3251 410 3334 Qua
423 3249 565 3342 quidem
583 3257 865 3341 argumentorum
882 3250 970 3322 serie
988 3253 1200 3342 consutum,
1217 3253 1314 3323 1000,
1450 3241 1451 3262 l

286 3378 569 3459 argumentorum
580 3369 631 3440 ita-
643 3368 774 3441 indicat
788 3419 799 3458 ,
818 3378 858 3440 nt
874 3387 1093 3462 eorumquae
1108 3371 1221 3465 prima
1232 3372 1312 3442 sim·

288 3485 420 3578 pliciter
435 3496 469 3556 et
485 3488 643 3560 absolute
656 3489 715 3560 vel
725 3488 878 3580 modam
894 3491 1000 3560 modo
1019 3507 1099 3562 cum
1114 3507 1152 3561 re
1170 3510 1313 3561 consen·

289 3601 392 3689 liunt,
410 3602 477 3671 loci
491 3623 597 3675 causa
610 3613 643 3674 at
655 3607 813 3676 effectum
824 3659 833 3696 ,
846 3607 1109 3700 subjectumque
1121 3609 1315 3700 coadjune
1450 3639 1451 3680 1

292 3735 364 3794 tum
377 3722 569 3794 habeantur
582 3749 596 3812 3-
609 3745 730 3796 eorum
742 3748 827 3799 vcro
838 3751 920 3819 quae
937 3732 1144 3803 dissentiunt
1154 3733 1291 3804 diversa
1301 3779 1316 3820 ,-

205 4093 230 4124 κ
321 4053 357 4118 (1)
368 4056 403 4105 lle
414 4055 462 4106 hac
472 4057 677 4116 argumentorum
688 4055 810 4105 dlvislona
825 4055 875 4104 vid.
892 4056 957 4106 llial.
972 4060 1047 4118 part,
1065 4055 1107 4106 lol.
1121 4058 1221 4117 seqq.;
1237 4055 1314 4105 luetl-

289 4142 337 4186 tnt.
350 4138 427 4197 dlal.,
439 4138 457 4190 l.
470 4139 494 4198 l;
511 4137 625 4198 Dialect,
641 4137 694 4198 l.1;
711 4138 792 4188 schol.
812 4137 889 4196 dial..
911 4139 1026 4201 paserl.
1041 4139 1177 4200 descend,
1196 4137 1319 4200 lbtdspei

290 4215 444 4281 Brucler.‹,·-l.
455 4237 477 4270 c.
485 4235 557 4284 ,cap
572 4229 579 4271 l
591 4257 597 4281 ,
609 4221 625 4285 S
635 4227 665 4272 t.-
