2916 5062
698 411 891 482 ...Μ-ι

335 571 392 640 Sic
403 572 472 642 ille.
489 571 560 641 Nos
572 579 687 642 auten
700 591 746 640 ex
760 571 815 640 his
829 569 945 640 verbis
959 571 1127 640 habemus
1142 565 1313 659 quemad-

288 691 430 761 modum
446 713 467 761 a
485 691 688 761 scholastica
707 689 924 782 philosophia
947 689 1135 758 abhorrere
1152 689 1311 780 coeperit.

288 809 372 892 Quis
397 810 510 896 enim,
542 809 621 880 talia
650 808 820 900 legendo,
856 828 926 878 non
954 815 1077 900 sponte
1106 807 1316 898 praeclarum

289 927 374 997 illud
391 929 430 997 de
449 929 595 1000 Methodo
619 925 805 997 exordium
830 925 865 995 in
894 926 1046 996 animum
1074 927 1318 996 revocaverit?
1448 995 1449 1010 ,

288 1046 425 1116 Scilicet
439 1047 567 1116 Remus
582 1044 739 1116 eamdem
755 1044 878 1115 habuit
894 1052 1056 1132 mentem,
1072 1055 1178 1133 quam
1193 1057 1315 1140 postea

288 1165 482 1253 Cartesius,
499 1187 607 1257 quum
628 1164 764 1256 collegii
782 1163 906 1236 studiis
925 1164 1145 1251 valediceret,
1162 1188 1228 1237 nec
1240 1189 1318 1237 sese
1448 1177 1449 1182 ’

288 1283 399 1375 magis
424 1284 470 1354 ad
493 1282 634 1374 quidvis
659 1283 822 1354 idoneum
845 1291 1036 1374 aptumque
1059 1283 1188 1352 lactum
1211 1283 1317 1354 fuisse

288 1402 577 1472 animadverteret
600 1399 665 1492 (l).
681 1399 783 1484 Quod
807 1400 836 1471 si
861 1400 940 1490 quis
964 1399 1152 1470 admiretur
1177 1401 1316 1470 Petrum

288 1520 432 1589 Ramum
447 1519 590 1592 Cartesii
603 1520 698 1589 vices
710 1539 780 1589 non
793 1517 858 1588 sibi
875 1518 1115 1610 assumpsisse,
1127 1511 1195 1587 boc
1206 1541 1315 1588 unum

288 1637 463 1720 attendat,
482 1645 650 1725 quantum
678 1636 766 1703 inter
782 1636 859 1702 XVI
875 1643 910 1703 et
927 1635 1018 1704 XVll
1040 1637 1193 1706 seculum
1213 1635 1318 1707 distet

288 1773 330 1821 ac
349 1751 494 1822 diderat.
520 1750 559 1820 ln
580 1771 731 1842 quorum
754 1750 860 1844 priori
878 1751 1052 1823 maximus
1068 1753 1183 1823 omnia
1202 1756 1315 1824 reior-

289 1869 406 1941 mandi
425 1869 529 1941 ardor
544 1869 704 1956 emicuit,
724 1870 785 1941 sed
807 1879 868 1941 aut
890 1891 998 1964 parva
1018 1880 1078 1941 aut
1095 1872 1237 1961 inania,
1257 1881 1319 1944 aut

289 1989 420 2078 majora
437 2009 542 2078 quam
559 2011 623 2081 pro
637 1989 777 2060 homine
793 1999 827 2060 et
842 2011 863 2059 a
880 1998 998 2060 nostra
1015 1991 1170 2060 omnium
1189 1997 1317 2060 natura

288 2107 400 2176 aliena
419 2108 597 2199 proposita
616 2116 696 2178 sunt
714 2108 780 2197 (2).
807 2106 859 2178 la
881 2129 981 2177 suam
1003 2108 1153 2199 quisque
1176 2109 1315 2178 aetatem

288 2226 455 2318 pertinet;
473 2247 586 2316 neque
596 2227 725 2297 llamus
740 2227 842 2298 aliam
858 2229 1047 2297 reformare
1060 2227 1317 2320 philosophiam

288 2352 443 2436 poterat,
465 2366 570 2435 quam
598 2365 679 2436 quae
705 2352 788 2414 tunc
808 2344 961 2435 vigeret,
989 2344 1024 2415 id
1050 2354 1102 2416 est
1122 2343 1318 2416 Aristotelis

287 2462 450 2552 logicam.
485 2463 596 2554 Hujus
626 2472 742 2532 autem
773 2461 963 2534 dominatio
991 2484 1133 2556 prorsus
1163 2463 1318 2535 absurda

199 2623 201 2627 -
293 2603 355 2673 per
380 2589 432 2652 tot
460 2581 742 2653 scholasticarum
774 2580 1045 2674 disputationum
1078 2583 1194 2652 secula
1226 2583 1316 2652 lacta

292 2701 416 2768 luerat.
434 2701 545 2781 Quam
560 2709 731 2786 evertere,
751 2710 811 2770 aut
824 2702 944 2771 saltem
962 2700 1167 2788 labefacere,
1184 2700 1317 2793 primus

293 2815 389 2882 llami
412 2815 511 2884 labor
535 2815 611 2882 luit.
638 2817 687 2885 Ea
710 2837 833 2908 nempe
851 2817 1016 2888 sententia
1037 2825 1173 2905 motus,
1192 2820 1315 2910 proxi·

294 2952 386 3002 mam
406 2954 487 3022 quae
505 2934 586 3003 data
604 2933 667 3001 luit
684 2934 903 3004 occasionem
920 2936 1082 3028 arripuit,
1104 2944 1143 3005 ut
1160 2935 1317 3007 scholas·

194 3063 197 3069 ·
294 3048 352 3118 tici
367 3049 480 3119 morbi
501 3049 707 3120 medicinam
725 3051 815 3119 ultro
834 3051 980 3122 afferret.
998 3051 1083 3122 Cum
1103 3053 1195 3122 enim
1218 3054 1252 3122 in
1274 3075 1317 3124 eo

291 3176 382 3238 esset
400 3177 438 3238 ut
454 3168 618 3259 magister
632 3169 757 3238 artium
774 3169 892 3259 fieret,
912 3192 954 3240 ac
976 3192 1039 3265 pro
1058 3183 1155 3243 more
1172 3171 1317 3244 liberam

294 3283 494 3378 disputandi
517 3287 695 3357 materiam
709 3287 885 3379 judicibus
904 3289 977 3359 suis
1001 3308 1195 3383 proponere
1210 3309 1318 3380 coge·

295 3411 405 3491 retur,
442 3404 637 3476 ostentandi
668 3405 797 3496 ingenii
826 3425 949 3494 causa,
982 3407 1201 3503 paradoxum
1231 3403 1317 3478 illud

293 3521 462 3612 suscepit,
483 3525 702 3616 Quaecumque
719 3526 759 3594 ab
779 3527 955 3597 Aristotele
972 3527 1057 3596 dicto
1073 3540 1200 3613 essent,
1226 3549 1316 3595 conr*
1372 3523 1373 3526 ’

293 3642 440 3710 mentitio
451 3663 524 3710 esse
537 3638 589 3732 (3)
605 3666 612 3707 :
626 3661 755 3710 novum
768 3653 860 3714 certe
870 3653 905 3714 et
917 3645 1110 3716 inauditum
1122 3644 1315 3738 problema,

292 3764 328 3824 et
344 3757 442 3847 quod
462 3778 623 3848 magnam
644 3758 709 3850 ipsi
728 3762 993 3850 argumentandi
1012 3762 1147 3856 copiam
1165 3761 1315 3848 laceret,

326 4074 360 4138 (r)
379 4077 444 4126 bisc.
454 4074 485 4126 de
495 4075 518 4125 la
530 4073 655 4136 llethode,
668 4089 724 4140 pars
734 4081 823 4141 prima.
852 4129 854 4134 ,

325 4156 360 4217 (2)
378 4159 430 4207 vid.
444 4159 471 4207 V.
482 4159 589 4229 cousin,
602 4158 618 4207 l.
632 4171 653 4208 c
663 4193 670 4219 ,
682 4173 707 4221 p.
720 4165 741 4209 l.

322 4239 355 4299 lt)
374 4239 467 4300 Frclg.,
479 4242 538 4291 ibid.
549 4279 556 4302 ‚
566 4255 592 4304 p.
604 4247 633 4301 a,
648 4247 684 4291 10.
