2916 5062
673 413 865 484 „33-

265 583 343 670 jure
358 605 367 664 ;
385 587 489 670 atque
499 579 602 650 etiam
617 577 646 652 si
658 576 799 650 cuidam
811 575 975 650 historico
988 575 1075 650 fides
1091 575 1286 661 adhibetur,

268 695 472 774 seditionem
485 705 566 770 aute
586 716 708 769 omues
730 694 839 768 movit
852 697 906 784 (tl
926 719 933 766 :
951 693 1048 784 quod
1060 693 1289 781 vixeredam,

269 837 379 907 quum
394 815 460 888 boo
472 815 551 888 loeo
564 819 723 889 atsur-m
736 819 825 888 uuir.
847 817 957 886 Paria.
982 811 1079 886 naui
1096 813 1190 886 nulla
1202 813 1292 884 faeta

270 933 314 1006 sit
331 933 487 1020 meutio;
515 931 578 1008 sed
602 932 697 1006 illum
720 931 769 1004 rei
788 930 940 1022 quodam
963 930 1069 1004 modo
1088 929 1291 1023 participem

269 1050 376 1124 fuisse
393 1058 539 1124 constet.

318 1169 449 1246 Interea
463 1169 614 1244 Platonis
622 1168 800 1262 Epistulas,
811 1166 983 1242 Ciceronis
996 1166 1296 1254 maturamus

272 1285 532 1378 tiliauiquoque
542 1291 763 1365 institutiones
776 1292 936 1361 oratorius
948 1308 1084 1360 summa
1100 1285 1293 1376 diligentia,

272 1402 548 1492 commentaria,
564 1413 617 1491 et,
640 1412 678 1478 ut
692 1401 813 1478 solitus
828 1409 921 1489 erat,
934 1399 1297 1474 animadversionibus

272 1522 442 1595 illustrare
451 1523 662 1596 conabatur:
679 1522 771 1596 unda
782 1535 869 1596 ortae
881 1529 962 1592 suut
974 1519 1124 1594 Platonis
1138 1518 1297 1611 Epistoioe

273 1639 386 1710 ludum
394 1641 520 1732 sactoe,
537 1641 687 1712 arctans
695 1643 891 1727 questiones
909 1658 951 1710 ao
967 1641 1148 1710 Rhetoricae
1167 1637 1299 1710 diuise

275 1763 381 1830 tiones.
395 1761 429 1828 tu
447 1755 701 1841 Quintilianum,
716 1776 808 1829 anuo
823 1753 917 1828 tata
930 1755 964 1828 iu
979 1756 1092 1839 lucem
1109 1753 1214 1860 editae
1224 1751 1295 1846 (2).

321 1875 472 1960 Quartus
487 1883 601 1948 autem
620 1896 732 1948 annus
748 1875 929 1965 agebatur,
948 1897 997 1948 eu
1024 1895 1095 1966 quo
1114 1875 1301 1948 rescissum

275 1993 386 2068 fuerat
424 1993 574 2086 primum
612 1994 894 2070 Aristoteleorum
920 1993 1116 2085 iudicium,
1154 2015 1298 2084 quum,

276 2108 469 2184 Aristotelis
485 2111 644 2202 nemine,
668 2133 781 2188 novus
797 2112 939 2202 quidam
956 2113 1164 2206 philosopho
1179 2121 1303 2188 nostru

276 2226 434 2300 iuimicus
467 2229 647 2320 multoque
686 2229 796 2320 magis
828 2229 1107 2304 reformidandus
1141 2229 1302 2320 exsurgit

275 2345 426 2418 lacobus
451 2346 507 2420 ille
525 2347 766 2441 Carpeutarius
780 2400 794 2432 ‚.
816 2349 902 2438 qui,
934 2371 1044 2440 quum
1067 2349 1173 2422 nimia
1198 2349 1302 2422 iamae

278 2465 465 2561 cupiditate
494 2467 695 2555 laboraret,
727 2467 943 2560 propositum
969 2489 1073 2540 suum
1103 2489 1165 2560 par
1192 2467 1243 2538 fas
1267 2475 1302 2538 et

278 2586 375 2654 uetus
409 2595 610 2672 assecutus,
651 2587 903 2657 exsecrandum
945 2592 1086 2676 aeternae
1126 2583 1306 2654 memoriae

278 2723 405 2772 nomeu
427 2704 580 2774 tradidit.
612 2703 715 2786 Quod
737 2705 765 2772 si
798 2703 876 2795 quis
899 2704 986 2773 forte
1002 2704 1149 2773 Remum
1171 2710 1204 2772 ct
1225 2701 1303 2772 Car·

281 2819 474 2911 peutarium
513 2820 592 2910 pari.
620 2820 750 2892 invidia
783 2831 974 2912 mutuoque
1008 2821 1091 2894 odio
1123 2821 1334 2893 instinctos·

281 2935 386 3006 suisse
404 2935 674 3027 existimaverit,
695 2959 797 3008 suum
812 2939 887 3031 ipse
899 2959 1051 3009 errorem
1065 2939 1163 3010 brevi
1178 2961 1307 3030 agnos-1

282 3063 360 3142 eet,
384 3054 413 3126 si
440 3057 495 3126 vel
535 3056 674 3128 minime
706 3055 887 3148 utriusque
923 3057 1099 3146 indolem,
1129 3079 1244 3128 mores
1271 3069 1307 3128 et

282 3175 388 3245 vitam
403 3175 666 3267 comparaverit.
683 3175 855 3273 Respiciet
873 3178 993 3252 saltem
1010 3177 1056 3247 ad
1073 3177 1182 3248 nostri
1194 3176 1305 3269 phile

282 3295 386 3387 sophi·
396 3296 570 3366 fortunam
586 3303 638 3366 tot
654 3304 795 3388 tamque
811 3295 945 3367 acerbis
961 3297 1100 3366 casibus
1121 3295 1302 3385 alilictam3

282 3415 375 3484 hunc
403 3417 517 3506 ipsum
532 3414 720 3507 respiciat,
747 3437 856 3509 quum
885 3414 931 3498 ab
961 3415 1117 3486 inaudita
1141 3436 1304 3507 persecu·

283 3535 381 3603 tione
411 3534 473 3602 vix
502 3533 673 3624 respirare
698 3535 860 3625 caepisset
876 3586 890 3617 ‚,
925 3534 1053 3604 nullius
1085 3534 1153 3606 sibi
1192 3537 1311 3628 culpae

282 3651 460 3727 conscium
479 3701 488 3739 ,
508 3650 623 3722 abillo
641 3639 894 3741 autemjuvene
910 3653 1093 3744 superbius
1112 3661 1302 3726 vexatum:

283 3768 344 3859 qui
363 3767 536 3858 quidem,
557 3767 694 3838 fortuna
711 3768 929 3860 pecuniaque
954 3790 1017 3838 sua
1043 3771 1176 3859 fretus,
1197 3779 1307 3841 recto-

315 4105 350 4167 (ι)
367 4107 419 4156 lac.
437 4105 569 4163 Bouillart,
587 4104 650 4154 litat.
662 4102 777 4152 dcl'abb.
793 4116 844 4166 roy.
858 4103 1246 4165 debirint-Germain-dssd‘rez,
1260 4107 1309 4156 ac.

284 4187 365 4246 Parta,
383 4191 455 4249 liii,
467 4189 548 4238 indul.
558 4224 564 4248 ,
576 4201 600 4250 p.
616 4187 716 4236 ruant.
730 4185 799 4236 Felib
812 4187 850 4248 ,l.
862 4201 887 4237 r.-

316 4275 349 4333 (2)
367 4271 586 4322 Vid..iniratlatal.
600 4271 731 4335 opaliami.
