2912 5066
546 447 759 522 -203-

145 601 242 664 iactus
255 617 352 663 essem
365 615 460 681 opera
475 610 505 668 P.
519 610 622 680 Rami,
637 611 676 670 ah
692 618 816 675 auctore
828 616 922 691 paulo
936 623 1005 680 ante
1020 620 1086 696 ejus
1095 623 1165 682 ohi-

146 707 209 762 tum
219 706 392 778 recognita,
408 713 439 766 et
454 723 564 783 magno
578 714 779 787 quorumdam
793 716 997 778 studiosorum
1009 721 1165 780 hominurn

146 804 253 865 labore
269 821 305 866 ac
319 808 466 868 industria
477 819 673 888 recuperata,
687 817 866 890 jamdudum
881 821 929 882 hic
950 821 990 880 ad
1003 822 1167 883 editionem

146 908 327 981 parari,non
337 913 423 986 potui
433 917 626 991 typoprapho
632 919 798 993 (Wechelo)
809 922 994 996 efflagitanti,
999 939 1056 999 pro
1069 925 1168 984 officio

146 1013 352 1082 procuratoris
368 1017 599 1086 testamentarii.
615 1023 836 1099 qualecumque
852 1025 911 1083 hoc
925 1026 1058 1099 elogium
1071 1027 1167 1086 dene-

146 1123 233 1180 gare,
242 1115 297 1169 etc.
308 1133 320 1165 n
332 1110 464 1188 (Praeiat.
479 1118 516 1176 ad
527 1120 694 1194 lectorem,
708 1139 775 1198 quae
786 1127 909 1199 pl'aesllia
923 1131 968 1185 est
981 1127 1169 1186 Rudimentis

145 1213 320 1279 grammat,
335 1214 487 1287 Francoi,
503 1217 587 1286 ¹580,
602 1221 632 1277 in
649 1221 690 1291 8⁰,
705 1237 754 1296 pp.
770 1223 828 1298 aa).
848 1225 922 1296 Quae
937 1225 1060 1298 quidem
1075 1225 1168 1284 editio

147 1319 164 1363 a
179 1308 366 1371 ltudimentis
388 1318 591 1404 grammaticae
606 1320 721 1379 initium
736 1321 892 1396 capiebat,
907 1323 1022 1383 scilicet
1039 1324 1169 1398 aprima

146 1409 320 1471 liberalium
348 1417 476 1489 artium,
492 1434 621 1493 quarum
635 1422 881 1484 instaurationem
895 1425 953 1483 sihi
973 1430 1042 1484 ante
1063 1425 1169 1484 oculos

149 1513 1167 1604 Ramustotavitaproposuerat.Nempeineditioneoperumllami,

149 1631 219 1675 eurn
235 1632 336 1676 rerum
357 1621 494 1681 ordinem
516 1627 722 1702 typographus
739 1627 924 1702 sequebatur
951 1643 1043 1704 quem
1064 1642 1169 1686 omnes

148 1719 235 1777 llami
249 1719 387 1797 discipuli
408 1725 522 1799 etipse
542 1727 654 1797 [lamus
673 1727 837 1802 praedicare
859 1728 1007 1789 solebant.
1025 1730 1074 1788 Sic
1088 1729 1169 1787 enim

147 1823 229 1882 idern
243 1827 277 1884 N.
298 1828 486 1898 Bergeronus
503 1829 637 1905 loquitur
653 1845 662 1888 ε
680 1851 744 1890 α...
767 1845 805 1890 eo
819 1846 923 1890 rerum
942 1831 1048 1890 ordine
1062 1830 1169 1902 utitur,

148 1928 182 1980 ut
195 1923 450 1998 encyclopaediam
464 1926 620 1986 literarum
634 1929 672 1988 ah
686 1930 935 1990 antecedentibus
946 1935 977 1990 et
989 1934 1097 1990 natura
1110 1945 1168 1988 no-

149 2022 292 2096 tioribus,
306 2025 337 2084 id
350 2032 395 2085 est
409 2031 633 2102 grammaticis,
649 2032 824 2106 rhetoricis,
841 2033 1005 2114 dialecticis
1019 2032 1168 2100 deducat,

148 2129 179 2183 et
192 2125 231 2183 ad
245 2134 466 2202 consequentes
483 2131 671 2207 disciplinas,
695 2137 802 2208 utpote
825 2135 1071 2205 mathematicas,
1089 2133 1169 2207 phy-

146 2228 223 2286 sicas
238 2233 269 2287 et
281 2230 415 2302 ejusdem
429 2235 549 2304 generis
563 2235 695 2310 reliquas
718 2237 878 2308 scientias,
903 2242 1046 2312 tanquam
1060 2235 1168 2295 Thesei

147 2330 198 2388 iilo
219 2331 403 2406 perducat.»
424 2329 550 2412 (ibid).
571 2336 631 2394 Sed
645 2341 765 2395 mortuo
781 2337 870 2396 Andr.
896 2339 1056 2408 Wechelo,
1071 2337 1167 2396 inter-

145 2438 251 2506 ruptus
274 2439 319 2492 est
340 2435 391 2493 ille
415 2436 520 2508 lahor,
543 2437 678 2511 quamvis
707 2439 852 2498 nonnulla
875 2440 969 2497 nostri
996 2439 1168 2513 philosophi

147 2549 242 2608 opera
261 2535 342 2610 apud
357 2536 492 2608 ejusdem
507 2540 689 2614 typographi
703 2539 839 2599 haeredes
853 2541 961 2614 saepius
983 2541 1060 2615 typis
1079 2555 1167 2600 man-

145 2639 217 2699 data
230 2640 348 2699 fuerint

186 2739 1166 2816 hdillamagnaeeditionisinitiaipsiusRamisententiamadjicias

144 2855 267 2900 necesse
292 2847 356 2912 est,
377 2844 423 2901 his
436 2843 536 2902 verbis
554 2844 713 2918 perspicue
737 2859 934 2919 expressam:
960 2843 1167 2902 «liberalium

144 2945 254 3002 artium
276 2947 561 3004 commentationem
584 2946 737 3022 duplicem
760 2947 960 3019 instituimus,
986 2942 1166 3015 &coierantque

144 3049 287 3116 alteram,
312 3062 373 3122 qua
393 3049 504 3106 veritas
525 3049 697 3124 utilitasque
721 3049 956 3122 demonstratur,
982 3064 1044 3124 quo
1073 3047 1166 3106 modo

142 3150 350 3222 grammatica,
366 3150 530 3222 rhetorica,
538 3151 638 3222 logica
653 3151 750 3208 adhuc
765 3152 908 3225 expositae
923 3154 992 3208 sunt
1003 3165 1011 3208 ε
1024 3149 1166 3207 arithme-

143 3251 202 3308 tica
216 3253 247 3308 et
259 3249 426 3321 geometria
440 3264 510 3308 mox
526 3256 699 3325 sequentur,
719 3250 828 3308 deinde
851 3250 995 3324 reliquae:
1011 3245 1165 3322 ἐλεγκτικήν

143 3351 288 3422 alteram,
305 3365 364 3424 qua
380 3352 598 3409 contrariarum
614 3351 789 3423 opinionum
800 3350 914 3409 vanitas
924 3348 1087 3420 refellitur3
1103 3362 1165 3422 quo

142 3452 314 3524 degenere
342 3452 452 3510 scholae
477 3457 545 3509 sunt
579 3451 799 3524 grammaticae,
831 3449 1008 3519 rhetoricae,
1036 3448 1161 3520 logicae,

141 3553 290 3627 physicae,
305 3554 536 3629 metaphysica,
552 3558 583 3612 et
593 3553 654 3626 iam
665 3553 916 3614 mathematicae.»
933 3551 1034 3609 schol.
1053 3549 1163 3620 math,

141 3655 161 3713 l.
180 3657 212 3721 Ι,
225 3655 288 3712 init.
309 3655 351 3712 Gi.
370 3656 453 3713 Orat.
471 3653 833 3729 desuaproiess.,1563.

182 3759 248 3814 Duo
262 3755 352 3829 igitur
373 3760 441 3815 sunt
465 3756 612 3829 cy‘usmodi
632 3756 773 3815 editionis
789 3753 980 3814 instituendae
998 3751 1164 3828 principia,

140 3864 173 3918 ot
193 3859 235 3917 ita
254 3859 369 3929 dicam,
393 3863 423 3917 et
446 3860 616 3917 elementa:
636 3863 660 3916 t.
686 3857 867 3917 Lihoralium
893 3858 1001 3915 artium
1028 3855 1123 3924 ordo,
1146 3869 1164 3910 a

139 3960 342 4033 grammaticis
359 3961 397 4018 ad
421 3960 519 4019 ethica
533 3975 629 4035 usque
648 3964 678 4018 et
696 3961 820 4034 politica
833 3957 1001 4017 deductus:
1017 3956 1165 4013 humanas
1236 3941 1242 3952 '

140 4067 241 4123 autem
259 4063 362 4121 literas
382 4062 576 4137 consequitur
596 4063 768 4133 theologica
793 4059 1007 4118 commentatio
1027 4072 1045 4116 a
1064 4055 1164 4116 Ramo
1207 4128 1211 4134 A

139 4165 300 4235 inchoata3
316 4165 343 4222 2.
368 4165 485 4238 Duplex
507 4162 769 4224 commentationis
790 4160 954 4232 institutio,
969 4174 1031 4217 una
1052 4171 1163 4232 nempe

139 4264 391 4335 demonstrativa,
407 4265 502 4322 altera
518 4267 619 4322 autem
633 4261 883 4334 reprehensoria,
896 4274 956 4334 qua
970 4258 1162 4318 distinctione

138 4368 225 4428 Rami
237 4381 332 4445 qpera
342 4368 371 4424 in
387 4366 462 4424 duas
472 4361 798 4424 classesdistrlhuenda
808 4362 959 4433 sunt,sive
970 4372 1160 4435 unaquaque
