2912 5066
536 373 754 442 -ssl-

132 535 286 622 dicium,
320 554 493 626 nusquam
525 535 570 605 ab
594 533 806 608 Aristoteleis
836 534 1027 606 doceantur
1053 533 1110 629 (l)
1145 560 1154 604 ε

131 651 343 724 excusandis
356 650 514 742 quidem,
534 651 564 722 si
578 651 772 724 Aristotelis
787 653 1032 726 obscuritatem
1052 661 1158 725 atten-

133 772 225 843 deris
242 770 314 866 (2).
980 763 999 842 J

181 889 351 960 Absoluta
379 898 494 960 autem
510 887 555 962 da
580 887 772 964 dialectice
794 889 994 963 definitione
1019 900 1054 961 et
1078 913 1157 985 par-

134 1007 227 1078 tihus
242 1006 513 1101 disceptatione,
538 1009 611 1098 jam
630 1009 666 1082 in
685 1009 831 1100 singulis
848 1008 1041 1082 dialecticae
1060 1010 1156 1103 capi·

134 1126 227 1198 tihus
244 1129 373 1198 Remus
389 1126 632 1220 peripateticos
650 1136 685 1200 et
700 1129 814 1221 ipsum
827 1128 1046 1200 Aristotelem
1063 1150 1158 1199 mor-

134 1246 219 1317 dere
237 1245 377 1324 miuime
395 1245 543 1318 dubitat.
563 1249 640 1318 Duo
660 1247 694 1317 in
715 1247 835 1339 primis
851 1247 934 1317 vitia
958 1247 993 1316 in
1016 1247 1159 1337 Organo

135 1373 333 1436 constanter
354 1365 599 1458 reprehendit:
618 1365 863 1437 obscuritatem
883 1385 1008 1458 nempe
1027 1373 1062 1436 et
1077 1387 1159 1437 con·

134 1483 306 1556 lusionem
322 1481 393 1579 (3);
413 1505 562 1576 quarum
577 1505 701 1558 causas
712 1505 789 1554 esse
801 1483 998 1577 praecipuas
1012 1484 1156 1571 asserit,

135 1601 232 1692 qaod
246 1600 446 1675 Aristoteles
463 1623 579 1694 neque
590 1600 808 1689 delinitione,
836 1621 950 1692 neqtre
965 1599 1154 1687 divisione,

136 1742 250 1812 neque
267 1720 456 1814 splendidis
472 1721 642 1814 exemplis
660 1721 695 1792 in
713 1723 784 1792 ulla
809 1721 1049 1814 logioseparte
1074 1741 1159 1791 usus

137 1840 260 1927 luerit,
279 1840 466 1932 omniaque
487 1862 556 1917 nun
573 1841 715 1929 ordine,
733 1841 796 1938 sed
815 1840 1012 1933 promiscue
1029 1849 1158 1911 tracta-

136 1960 226 2030 verit
241 1956 308 2055 (l).
332 1961 492 2052 *Longum
509 1981 594 2032 sane
620 1956 707 2031 toret
730 1979 907 2053 exponere
928 1979 999 2052 qua
1025 1960 1160 2030 ratione

136 2076 330 2148 doctrinam
347 2077 605 2171 peripateticam
621 2078 666 2152 de
682 2077 850 2164 terminis,
878 2076 1075 2168 categoriis,
1103 2077 1158 2145 iu·

137 2196 399 2288 terpretatione,
420 2196 641 2290 syllogismo,
673 2195 986 2282 demonstratione,
1019 2193 1156 2288 topicis,

138 2311 335 2404 sophisticis
350 2312 502 2384 elenchis
518 2325 672 2386 evertere
690 2315 819 2384 llamus
837 2323 897 2384 aut
913 2315 1030 2406 potius
1048 2335 1162 2384 emen-

139 2431 223 2502 dare
234 2443 380 2504 conatus
391 2434 504 2504 haesit.
520 2434 563 2504 Ut
575 2455 659 2505 vero
674 2433 806 2523 reliqua
821 2432 1160 2503 animadversionum

137 2558 172 2619 et
188 2551 494 2643 reprehensionum
510 2552 624 2644 capita
643 2551 817 2633 omittam,
839 2549 906 2619 hoc
925 2549 960 2618 in
980 2549 1161 2642 Aucrlyu‘e's
1252 2560 1253 2564 ’

138 2667 310 2761 vituperat
340 2671 487 2758 Ramtrs,
510 2671 605 2763 quod
627 2668 793 2755 iuventi0,
826 2667 1031 2761 dispositio,
1067 2676 1102 2738 et·
1121 2668 1159 2739 -si

137 2808 208 2878 qua
225 2788 292 2860 alia
306 2789 430 2880 logicae
448 2813 529 2882 pars
550 2791 673 2878 luerit,
694 2789 817 2861 ordine
834 2788 974 2858 minime
993 2795 1158 2875 tractata,

138 2903 200 2977 sed
221 2904 432 2979 densissimis
455 2907 605 2978 tenebris
631 2907 818 2979 obscurata
839 2906 941 2978 luerit
961 2902 1031 2999 (h),
1053 2926 1162 2997 quum

138 3025 328 3120 syllogismi
348 3025 548 3119 proximum
565 3049 697 3118 genus,
725 3027 762 3098 id
786 3035 839 3096 est
862 3023 1057 3117 dispositio,
1075 3045 1159 3093 nus·

139 3161 245 3232 quam
263 3142 445 3215 definiatur
457 3141 524 3240 (6),
545 3144 590 3215 de
606 3143 772 3236 simplicis
787 3149 901 3214 autem
921 3150 955 3210 et
984 3140 1160 3228 conjuncti

140 3261 328 3356 syllogismi
352 3263 535 3355 partitione
565 3263 599 3334 in
625 3271 698 3333 toto
725 3261 839 3352 logico
868 3278 1000 3350 organo
1028 3257 1163 3328 nullum

139 3378 285 3450 verbum
306 3383 440 3472 legatur
457 3377 527 3474 (7),
548 3392 620 3451 tum
640 3380 793 3450 inventio
809 3382 1095 3470 argumentorum
1112 3396 1164 3446 se·

169 3648 205 3713 (ι)
223 3648 284 3700 lllal.
300 3652 392 3713 partit,
402 3653 510 3714 passum
525 3651 608 3701 Aulin.
622 3650 710 3708 Arist..
730 3645 826 3700 Praelat.
842 3649 880 3699 ct.
896 3648 978 3699 schol.
999 3647 1074 3706 dial..
1094 3647 1113 3698 l.
1129 3645 1168 3707 ll,

139 3745 162 3780 c.
175 3733 204 3792 8,
221 3734 246 3781 9.

172 3815 208 3877 (l)
225 3814 372 3879 Soh.·dlal.,
384 3817 401 3866 l.
416 3817 453 3877 ll,
463 3829 518 3880 eap.
536 3821 572 3867 to.

171 3897 207 3962 (3)
224 3899 357 3951 llnlmadv.
369 3900 454 3960 Arist,
469 3901 560 3963 passim
570 3919 577 3959 t
589 3901 672 3950 Schol.
684 3902 755 3959 dlal.,
770 3902 788 3950 1.
798 3901 854 3960 vll,
865 3915 888 3952 c.
905 3907 926 3962 t,
937 3904 966 3960 ὃς
977 3900 993 3949 l.
1008 3897 1067 3960 llll,
1080 3901 1131 3947 etc.

171 3984 206 4046 (l)
223 3984 355 4034 animadv.
367 3985 441 4034 hulst.
453 3989 478 4034 ct
492 3983 573 4034 schol.
590 3984 662 4044 dial,
674 3989 775 4048 passim.

173 4066 206 4126 (5)
223 4065 305 4116 Schol.
323 4066 393 4126 dial,
406 4067 447 4115 llb.
463 4065 521 4127 Vll,
538 4079 560 4116 c.
575 4073 595 4115 t.

172 4151 208 4207 (o)
226 4147 298 4208 lbra..
316 4162 338 4198 c.
349 4153 373 4200 3.

176 4233 209 4293 (η
228 4232 302 4294 rua,
320 4247 342 4282 n.
356 4237 380 4284 a.
