2912 5066
708 432 749 444 -
782 392 852 470 tta
877 429 925 444 -

305 549 556 646 reprehendere
582 551 719 639 ausim,
748 552 845 641 quod
874 551 1026 642 logicum
1050 551 1146 622 illum
1173 550 1334 624 ordinem

305 691 367 762 pro
384 669 496 762 primo
514 679 549 738 et
566 669 735 758 naturali,
755 677 789 738 et
807 677 845 738 ut
861 668 907 740 ita
928 669 1061 757 dicam,
1081 669 1334 764 psychologico
1444 743 1445 766 ἶ

304 785 552 876 cogitationum
572 785 693 857 ordine
715 787 904 878 sumpsisse
919 785 1115 857 videantur.
1141 789 1221 860 Nou
1238 788 1336 858 enim

305 905 349 974 ita
366 904 538 996 analytica
551 903 608 974 via
622 910 746 974 natura
763 902 933 995 procedit,
950 923 1058 993 quum
1073 904 1190 994 potius
1205 926 1226 972 a
1240 927 1338 975 com·

304 1021 423 1114 positis
440 1020 582 1111 judiciis
600 1021 764 1111 cogitatio
790 1030 908 1092 nostra
935 1021 1084 1113 primum
1108 1031 1254 1109 exorta,
1285 1023 1338 1092 ad

303 1139 529 1231 simpliciores
547 1138 643 1210 ideas
664 1147 837 1232 postrema
856 1145 990 1208 tantum
1005 1138 1208 1230 operatione
1222 1145 1336 1209 atten-

305 1257 388 1328 dere
406 1258 527 1327 soleat.
547 1257 638 1339 Sed,
660 1277 769 1348 quum
786 1255 1015 1347 cogitationes
1030 1255 1202 1327 humanas
1217 1255 1335 1346 logica

305 1377 340 1448 in
362 1379 530 1448 elementa
549 1377 755 1466 distribuat,
775 1375 908 1447 atficta
923 1397 1058 1468 semper
1075 1377 1186 1447 omnis
1205 1377 1333 1448 divisio

305 1492 429 1582 fauerit,
452 1493 642 1583 legitimum
656 1496 772 1565 forsan
787 1503 861 1564 erat
879 1514 955 1563 eam
978 1492 1077 1583 sequi
1089 1493 1202 1584 viam,
1223 1516 1295 1585 qua
1311 1516 1333 1566 a

307 1610 427 1705 primis
435 1619 470 1682 et
484 1611 752 1703 simplicioribus
765 1610 910 1684 rationis
925 1610 1120 1699 elementis,
1141 1612 1333 1704 per-magis

308 1729 498 1822 composita
509 1729 640 1819 judicia
657 1729 828 1818 gradatim
844 1729 889 1800 ad
906 1729 1061 1800 difficiles
1079 1753 1190 1822 usque
1207 1732 1252 1802 de
1264 1753 1334 1801 me-

305 1845 413 1918 thodo
432 1844 660 1935 cogitationes
678 1844 933 1936 procederetur.

355 1963 423 2034 Sed
441 1972 632 2054 utcumque
654 1963 698 2033 de
721 1974 763 2032 ea'
789 1984 828 2033 re
844 1963 905 2050 sit,
923 1963 997 2052 iam
1017 1962 1063 2033 ad
1084 1965 1239 2054 singulas
1261 1964 1330 2035 lla-

305 2101 393 2154 mcae
411 2080 601 2151 dialecticae
619 2091 735 2172 partes
753 2081 954 2169 veniamus3
985 2081 1133 2173 primum
1158 2081 1331 2152 inventio·

308 2222 385 2272 nem
400 2208 703 2291 argumentorum,
727 2199 800 2270 sive
816 2199 973 2271 idearum
989 2221 1034 2270 ex
1051 2200 1179 2290 quibus
1197 2209 1333 2272 constat

303 2319 487 2410 judicium.

357 2439 525 2510 Praeclara
552 2436 717 2506 nonnulla
749 2436 805 2506 hic
840 2436 1142 2528 deprehendimus.
1171 2437 1330 2506 Errorem

308 2577 432 2649 nempe
448 2557 594 2643 Remus,
617 2553 767 2648 exempli
791 2553 922 2644 gratia,
947 2553 981 2622 in
1006 2552 1094 2624 ideis
1112 2575 1188 2624 esse
1206 2561 1328 2644 negat,

308 2696 418 2764 quum
433 2695 551 2745 revera
565 2673 599 2743 in
604 2673 745 2763 judiciis
757 2681 890 2744 tantum
902 2671 1069 2742 contineri
1082 2673 1209 2763 possit3
1225 2691 1330 2761 quam

308 2792 510 2862 sententiam
538 2791 641 2862 ceteri
664 2801 783 2884 postea
809 2791 914 2882 logici
937 2790 1121 2883 plurimum
1147 2790 1332 2860 decantare

309 2907 398 2978 soliti
422 2909 571 2976 luerunt.
600 2908 713 2989 Quum
736 2916 851 2979 autem
874 2908 997 2978 mentis
1016 2906 1153 2978 notitias
1176 2906 1331 2981 diviserit

309 3025 344 3094 in
372 3023 500 3118 primas
525 3031 559 3092 et
583 3031 676 3094 ortas
695 3045 716 3094 a
738 3024 875 3116 primis,
901 3046 972 3096 non
994 3025 1039 3095 de
1064 3024 1178 3116 logica
1198 3033 1329 3096 tantum

308 3143 510 3237 disciplina,
533 3141 712 3214 sedetiam
731 3143 775 3214 de
791 3142 849 3214 illa
868 3165 949 3234 quae
966 3145 1176 3238 Prpclrotopto
1192 3143 1327 3232 dicitur,

308 3264 438 3357 optime
455 3262 592 3334 meruit.
614 3262 705 3346 Quid
720 3262 765 3334 de
784 3261 850 3333 illis
866 3261 1080 3352 argumentis
1099 3261 1232 3346 dicam,
1251 3282 1329 3352 quas

309 3383 438 3454 Romus
468 3382 513 3452 ab
541 3381 743 3452 auctoritate
773 3380 891 3451 divina
915 3389 975 3450 aut
1003 3380 1153 3452 humana
1182 3379 1326 3473 pendere

310 3502 505 3589 professus,
530 3500 565 3570 in
590 3501 738 3590 logicam
763 3501 892 3592 primus
917 3497 1110 3569 introduxit
1130 3495 1205 3592 (4).β
1229 3497 1327 3580 Quod

307 3618 506 3707 exemplum
527 3615 742 3706 Gassendns,
771 3613 934 3708 Artisque
953 3617 1128 3708 cogitandi
1151 3625 1321 3701 auctores,

308 3733 483 3824 ceterique
502 3741 621 3824 postea
638 3734 758 3824 logici,
780 3735 933 3805 maxima
949 3744 1041 3804 certe
1059 3755 1139 3803 cum
1163 3733 1325 3825 doctrinae

340 4055 377 4114 (rt
394 4054 445 4106 lloc
459 4056 664 4116 argumentorum
675 4063 754 4113 genus
763 4053 791 4100 in
809 4049 931 4100 rhetorice
947 4055 1047 4100 uotum
1061 4050 1092 4098 ab
1106 4052 1215 4111 antiquis
1227 4062 1322 4112 usurpa·

309 4140 364 4186 tum
383 4137 469 4188 luerat.
486 4139 557 4189 Tales
570 4141 656 4188 autem
672 4137 900 4201 argumentationes
914 4135 1031 4198 ἀτέχνους
1046 4134 1182 4193 remeant,
1198 4135 1284 4193 idest,
1301 4139 1326 4185 ut
1436 4135 1441 4142 '

309 4219 346 4265 att
357 4218 453 4278 Cicero,
466 4223 525 4270 ants
537 4226 656 4284 expertes.
675 4221 728 4270 vid.
740 4207 818 4269 Cicer.
830 4218 928 4280 Topic,
942 4222 999 4276 ct,
1015 4219 1043 4268 ro
1054 4221 1129 4271 etto.
