2912 5066
540 423 758 536 2-125j-

135 609 250 658 rcrum
281 585 436 655 omnium
470 607 595 678 parens
627 595 732 676 atquc
770 593 891 654 auctor
920 588 1063 676 agnosci
1088 585 1154 680 (l).

141 733 157 774 u
167 707 270 777 Artes
280 706 373 775 anim
386 725 427 774 ac
441 705 609 774 doctrinae
623 726 744 776 omnes
757 705 862 796 quid,
875 705 940 774 nisi
957 706 1158 777 immensam

138 847 252 896 rerum
278 825 479 895 varietatem
496 819 593 916 (quae
613 824 658 893 ab
685 823 817 916 optimo
846 830 1070 916 maximoque
1086 828 1158 897 Deo

138 942 331 1015 incredibili
342 942 510 1035 sapientia
524 940 674 1013 conditae
686 951 809 1013 suntet
819 942 977 1031 effectae),
993 943 1159 1014 intuendo

137 1073 169 1134 ct
184 1060 392 1134 admirando
418 1061 696 1153 persequuntur?
722 1062 841 1132 Omnis
857 1062 962 1154 igitur
974 1062 1087 1149 labor,
1108 1063 1158 1132 in-

136 1181 291 1268 dustria,
310 1180 502 1266 contentio,
519 1171 692 1272 dignitas,
709 1181 822 1251 honor
838 1181 1014 1251 literarum
1027 1181 1157 1251 doctri·

136 1319 332 1388 uarumque
359 1297 513 1368 omnium
550 1296 595 1368 ad
626 1319 773 1368 summae
808 1297 899 1367 illius
932 1297 1096 1368 bonitatis
1124 1308 1158 1368 et

137 1426 279 1491 aeternae
302 1417 464 1508 potentiae
491 1418 703 1508 majestatem
726 1417 847 1502 laude,
863 1415 1017 1507 justitia,
1032 1417 1160 1509 pietate

139 1533 432 1629 complectendam
449 1533 653 1606 adhortatur
669 1533 734 1628 (2).
755 1561 772 1602 u

186 1655 271 1724 llaec
283 1661 335 1724 est
350 1654 387 1722 P.
403 1653 500 1723 Rami
520 1653 712 1739 dialectica,
731 1653 831 1743 cujus
845 1651 1014 1743 genuinos
1032 1653 1156 1733 fontes,

138 1795 157 1842 e
182 1772 290 1843 variis
312 1772 420 1864 ipsius
438 1770 663 1858 testimoniis,
681 1770 837 1841 indicare
854 1769 950 1842 haud
971 1769 1160 1842 admodum

138 1891 275 1963 difficile
289 1891 365 1961 erit.
383 1890 519 1961 Scilicet
537 1890 706 1982 permulta
725 1889 873 1982 primum
890 1889 1048 1982 elogicis
1066 1889 1159 1960 Aris-

138 2009 253 2081 totelis
264 2009 361 2079 libris
377 2018 623 2100 transsumpta,
640 2007 668 2077 si
686 2007 874 2077 verborum
889 2008 1077 2080 novitatem
1092 2009 1159 2078 tol-

139 2130 209 2214 lm,
227 2127 398 2216 servavit,
417 2125 505 2197 cum'
520 2126 554 2195 in
570 2111 702 2216 reliqua
716 2126 850 2216 logica,
866 2136 938 2197 tum
955 2127 991 2196 in
1008 2148 1049 2197 ea
1068 2147 1162 2219 prae-

139 2245 240 2338 cipue
254 2244 379 2335 logicae
395 2252 492 2337 parte
504 2263 586 2336 quae
609 2242 654 2313 de
672 2242 807 2335 judicio
825 2242 1020 2314 dianoetico
1038 2264 1100 2313 seu
1117 2241 1162 2312 dc

139 2362 338 2458 syllogismo
351 2361 499 2432 disserit.
521 2360 558 2431 ld
577 2369 712 2445 autem,
731 2369 769 2428 ut
786 2369 877 2428 recte
893 2361 1086 2430 Bruclierus
1097 2359 1162 2429 ob-

141 2489 254 2551 servat
271 2483 343 2570 (3),
364 2479 439 2573 ipse
459 2481 589 2550 Ramus
617 2481 705 2548 ultro
731 2477 869 2564 latetur,
893 2475 1102 2547 «Aristoteli
1128 2485 1163 2545 et

140 2597 352 2672 Aristoteleis
366 2620 435 2669 non
453 2597 591 2669 laudem
609 2598 761 2669 debitam
783 2617 820 2666 se
846 2595 1026 2666 detrahere
1048 2595 1159 2682 velle,

141 2719 202 2789 sed
213 2717 242 2788 si
256 2739 326 2809 qua
340 2717 385 2787 ab
399 2717 449 2786 eis
462 2716 653 2787 dialecticae
667 2715 807 2809 propria
822 2735 974 2806 veraque
989 2722 1163 2810 praecepta

143 2838 267 2909 tradita
288 2819 425 2923 luerint,
446 2836 591 2906 libenter
603 2836 798 2929 approbare
812 2833 880 2931 (l).
902 2860 919 2904 n
936 2835 974 2904 ln
988 2833 1093 2906 modo
1113 2841 1163 2904 ta-

143 2977 222 3025 men
246 2951 479 3043 methodoque
497 2951 666 3040 docendi,
686 2953 722 3022 in
748 2951 1059 3027 definitionibus-et
1077 2952 1164 3023 divi-

141 3072 317 3155 sionihus,
347 3079 382 3142 et
409 3072 500 3141 circa
529 3072 761 3162 quarumdam
798 3063 913 3143 rerum
945 3065 1085 3148 nomina
1117 3071 1163 3141 ab

141 3190 339 3278 Aristotele,
355 3189 555 3260 auctoribus
567 3178 771 3282 plerumdue
784 3181 969 3258 Platoncct
983 3187 1161 3273 Cicerone,

142 3311 307 3382 recessit:
330 3310 427 3401 quod
462 3332 526 3381 nos
554 3307 758 3403 perspicue,
792 3315 954 3400 utsupra
984 3304 1160 3385 vidimus,

143 3429 244 3502 docet
270 3430 306 3499 in
327 3430 464 3522 epilogo
495 3428 573 3498 libri
602 3419 939 3518 quarti'Scholarum
955 3415 1163 3494 'dialectica-

144 3571 219 3618 rum
235 3551 301 3640 (5).
323 3548 452 3620 Deinde
473 3541 644 3640 liodolplri
666 3533 852 3642 'Agricolae
878 3541 932 3638 (6)
952 3530 986 3614 et
1023 3542 1164 3614 loannis

176 3860 210 3916 (1)
222 3857 285 3907 llial.
295 3855 445 3918 partit.,‘iol.
460 3860 490 3907 tt)
500 3869 525 3904 r.
572 3859 591 3928 ‘¹
605 3867 609 3877 ·

175 3941 210 4003 (2)
226 3941 278 3990 lbid
292 3939 352 4000 ,lot
367 3945 393 3989 tt
412 3953 438 3989 v.
884 3985 889 4000 ,

174 4023 211 4088 (t)
226 4024 289 4074 illst.
302 4027 357 4075 crit.
370 4021 445 4088 plril.,
457 4035 510 4086 par.
520 4023 567 4084 lll,
578 4027 642 4086 part.
654 4023 691 4079 ll,
704 4021 747 4070 lib.
758 4021 778 4069 ll
788 4054 796 4078 ,
806 4029 830 4068 c.
848 4025 875 4075 ι,
890 4017 907 4081 5
922 4023 947 4066 o.

174 4107 211 4172 (l)
226 4107 360 4158 Anlmndr.
374 4105 510 4168 Aristotel,
521 4109 547 4156 ln
562 4103 738 4169 prelatlcdtt.
754 4101 837 4163 tots).

175 4189 211 4256 (5)
227 4191 280 4241 Vid.
291 4203 415 4255 supru,p.
431 4195 518 4252 tull.
633 4187 637 4194 “

175 4277 210 4338 (a)
227 4274 288 4330 Rod.
314 4275 439 4336 Agrlcola,
464 4273 571 4334 llrlslua,
594 4269 807 4330 Heidelbergensls
829 4264 966 4330 professor,
991 4269 1065 4316 notua
1086 4263 1167 4316 lucrat
