2916 5062
703 429 897 505 ..gp-

197 631 200 640 ·
291 603 384 672 cives
409 595 599 681 aemulata,
621 593 778 688 publicos
798 588 1006 684 philosopho
1026 602 1145 662 nostro
1164 591 1313 662 honores

289 713 469 807 splendide
498 712 661 784 instruxit
689 737 697 778 ι
722 729 902 801 quumque
919 711 1086 781 attonitus
1108 717 1247 800 rogaret
1268 731 1313 780 an

290 832 360 902 illic
381 831 485 902 etiam
512 833 566 917 (ut
588 827 804 919 Argentinae)
826 827 960 898 nobiles
988 827 1151 918 quaedam
1180 828 1314 920 nuptiae

288 947 544 1019 celebrarentur
577 971 585 1016 ε
620 943 749 1028 «Tibi,
776 943 890 1033 inquit
912 943 1157 1033 Bullingerus,
1193 951 1314 1013 nostra

287 1064 408 1138 civitas
424 1063 562 1155 nuptias
579 1063 662 1134 istas
674 1061 856 1154 apparavit
877 1057 946 1152 (l).
970 1085 987 1126 s
1086 1135 1091 1140 .

336 1181 423 1250 Hinc
449 1179 658 1262 discedens,
695 1187 826 1250 mutato
864 1176 927 1271 (ut
958 1177 1106 1272 opinor)
1140 1179 1311 1264 consilio,

288 1299 396 1372 Rheni
425 1317 506 1369 oras
536 1297 649 1388 iisque
672 1296 804 1367 vicinas
828 1294 932 1366 urbes
962 1295 1222 1386 diligentissime
1245 1297 1311 1366 ob-

288 1417 462 1506 servavit,
497 1417 597 1506 cujus
622 1436 763 1486 cursum
795 1413 939 1506 propius
967 1412 1149 1504 longiusve
1172 1412 1311 1485 Heidel-

288 1534 431 1624 bergam
450 1553 563 1624 usque
589 1540 729 1603 secutus
753 1551 830 1602 csse
856 1529 994 1600 videtur
1019 1532 1085 1619 (Ξ).
1117 1531 1202 1602 Haec
1232 1539 1313 1600 ante

288 1674 409 1724 omnes
424 1653 545 1722 civitas
574 1653 720 1722 Remum
741 1649 931 1720 honorilice
955 1650 1137 1736 tractavit3
1162 1649 1222 1721 ubi
1241 1670 1313 1720 non

282 1772 398 1843 solum
430 1770 641 1862 professores
669 1767 825 1856 singulos
853 1775 960 1856 alque
986 1767 1021 1836 in
1047 1766 1167 1859 primis
1190 1767 1313 1837 Imma·

284 1885 423 1958 nuelem
436 1883 651 1954 Tremellium
667 1880 837 1973 hospitem
854 1902 955 1952 suum
969 1933 979 1964 ,
995 1881 1312 1972 Hebraicaelinguae

285 2003 515 2095 professorem
545 1999 804 2074 celeberrimum
818 1998 916 2087 ,sed
945 1998 1049 2070 etiam
1066 2000 1231 2093 principis
1252 2000 1312 2071 Pa·

286 2120 383 2194 latini
396 2128 573 2190 senatores
585 2116 861 2209 quamplurimos
874 2117 1005 2188 amicos
1017 2117 1082 2188 sibi
1093 2118 1306 2201 conciliavit,

286 2241 393 2330 inque
405 2221 447 2308 iis
461 2236 660 2327 theologum
673 2235 830 2316 moribus
840 2235 1068 2328 doctrinaque
1081 2237 1283 2330 primarium
1298 2291 1307 2324 ,

286 2357 480 2428 Olivianum
498 2355 724 2426 Datheneum.
749 2353 911 2446 Princeps
931 2354 1005 2446 ipse
1021 2355 1220 2444 Palatinus,
1241 2358 1311 2449 pri·

283 2497 362 2546 mus
390 2472 523 2567 imperii
549 2473 697 2558 elector,
727 2492 832 2542 aurea
861 2471 915 2566 sui
946 2455 1133 2544 stemmatis
1159 2475 1309 2566 imagine

284 2595 430 2670 llamum
455 2591 690 2664 discedentem
720 2590 865 2662 donavit
882 2593 960 2681 td).
997 2591 1308 2664 Commorationem

266 2719 398 2782 'autem
431 2711 524 2782 illam
555 2709 899 2800 Heidelbergensem,
934 2731 1011 2780 cum
1042 2712 1211 2803 praeclara
1241 2713 1309 2783 alia

286 2830 479 2920 permulta,
498 2837 570 2896 tum
589 2827 666 2898 haec
685 2827 756 2898 duo
777 2828 929 2900 maxime
945 2829 1119 2900 memoriae
1135 2849 1309 2900 commen·

286 2947 370 3018 dant
393 2971 401 3012 ε
422 2945 556 3038 primo,
585 2945 683 3035 quod
707 2945 836 3016 Ramus
862 2924 910 3016 ibi
940 2969 1039 3018 suam
1063 2946 1143 3020 fidei
1172 2949 1308 3041 proles·

284 3066 416 3140 sionem
428 3062 596 3152 ediderit;
612 3063 755 3150 deinde,
774 3064 871 3155 quod
886 3065 1116 3159 philosophiae
1128 3067 1305 3156 lectiones,

171 3261 175 3268 ,
284 3203 355 3254 non
379 3181 454 3254 sine
484 3181 666 3254 doctorum
689 3181 918 3254 admiratione
941 3192 976 3254 et
1000 3185 1194 3276 applausu,
1210 3184 1306 3254 -indi-

284 3301 470 3393 guantibus
491 3311 605 3373 tamen
621 3299 869 3386 Aristotelicis,
900 3300 1051 3390 dederit,
1079 3300 1201 3372 eadem
1227 3323 1309 3374 cun·
1396 3287 1403 3300 ⁸

282 3421 408 3492 stantia
424 3443 512 3492 usus
529 3442 597 3518 qna
621 3419 702 3490 olim
722 3419 757 3488 in
778 3418 1015 3490 cameracensi
1036 3420 1175 3509 schola,
1198 3442 1322 3513 quum·

285 3538 499 3610 dialecticam
519 3538 667 3630 primum
684 3538 922 3630 auspicaretur
942 3565 949 3606 :
970 3538 1101 3609 scilicet
1115 3539 1151 3607 in
1169 3539 1305 3640 Heidel-

316 3818 351 3878 (1)
368 3815 460 3876 Frelg..
473 3828 497 3877 p.
509 3818 536 3864 at
546 3831 554 3874 ;
566 3813 655 3865 Banos.
665 3853 671 3870 ,
683 3828 708 3878 p.
724 3819 765 3864 tl.

316 3897 350 3962 (2)
367 3897 471 3955 Bonos,
482 3909 507 3959 p.
521 3898 560 3958 tt,
573 3899 618 3955 28,
633 3896 711 3958 Frclg.
721 3933 727 3957 ,
738 3897 798 3945 ibid.
811 3897 854 3946 llic
867 3897 959 3949 llamus
975 3901 1069 3950 itineris
1080 3900 1166 3950 ordine
1177 3905 1270 3952 mirum
1282 3905 1307 3952 ln
1393 3959 1398 3970 ,

282 3983 385 4033 modurn
399 3993 530 4041 consumo,
543 3981 695 4042 vlamqnam
707 3982 941 4043 anteaperagr'avtt,
955 3986 1056 4046 repetit,
1069 3986 1120 4034 sive
1132 3985 1254 4036 Basileam
1265 3999 1309 4036 ne-

284 4071 340 4125 ¹actii
358 4067 464 4127 attentus
479 4078 553 4118 causa
572 4064 676 4123 rediret,
692 4067 760 4124 sive,
774 4069 907 4128 antequam
928 4069 953 4116 tn
970 4066 1130 4117 Germaniam
1149 4073 1307 4132 penetraret,

208 4143 215 4156 ’
284 4152 400 4200 Turicum
411 4151 450 4200 vel
461 4148 724 4218 potiusBulllngerum
739 4151 828 4211 raptim
841 4151 946 4200 invisere
957 4151 1090 4200 medilatus
1106 4151 1199 4201 lulsset.

318 4235 352 4292 (3)
370 4233 474 4290 Bonos,
485 4246 509 4293 p.
521 4235 565 4288 28;
580 4229 673 4293 Freig.,
685 4243 709 4292 p.
723 4235 762 4289 at,
774 4233 811 4281 38.
880 4227 884 4234 “
