2912 5066
525 371 742 438 -loo-

125 530 149 586 i.
174 529 396 602 Xenophonteo
409 529 555 603 quaedam.
575 561 607 570 —
629 531 767 589 aliamue
778 546 848 589 cum
862 547 992 605 grecam
1008 535 1140 607 linguam

161 630 309 700 disceret,
329 630 418 688 vertit
440 631 663 705 Xenophontea
684 631 843 706 quadam,
868 637 901 690 ut
924 635 1046 706 lunius,
1074 651 1143 694 cum

147 789 149 795 .
163 733 288 792 liebraea
302 732 448 802 disceret,
464 731 622 790 llehraeam
631 733 859 803 grammaticam
873 736 1055 808 componit.»
1072 737 1143 796 Sca·

161 834 306 906 ligeriana
323 829 383 910 (ed.
399 829 505 908 1666),
521 847 549 907 p.
570 833 637 891 288.

122 955 149 1008 3.
173 951 305 1010 Platonis
316 955 347 1009 et
360 951 528 1009 Aristotelis
539 952 736 1024 comparatio.
756 983 792 993 -
804 954 943 1026 Nancel,
954 955 974 1012 l.
988 970 1030 1026 c.‚
1043 969 1074 1029 p.
1091 957 1140 1014 66.

166 1053 354 1126 «Utriusque
371 1049 522 1128 (Platonis
540 1055 571 1110 et
593 1049 771 1128 Aristotelis)
790 1057 1050 1129 comparationem
1069 1070 1143 1130 per-

159 1167 251 1229 quam
260 1152 393 1227 lepidam
402 1151 543 1225 collegit,
558 1153 790 1227 peripateticam
804 1154 973 1215 doctrinam
988 1171 1057 1216 oum
1071 1172 1139 1216 aca-

159 1254 277 1313 demica
287 1254 449 1314 concilians
460 1269 469 1312 :
481 1255 565 1329 quod
578 1260 679 1313 tamen
693 1269 771 1329 opus
784 1256 965 1329 perelegans
978 1257 1143 1332 plagiarius

159 1355 267 1430 aliquis
279 1355 347 1414 vivo
361 1355 404 1412 illi
422 1355 575 1429 surripuit.
591 1375 602 1408 6
617 1355 702 1414 idem
717 1357 891 1427 Nancelius‚
906 1357 979 1416 dum
989 1360 1140 1418 eosRami

161 1458 255 1517 libros
269 1463 408 1517 recenset
431 1472 509 1532 qnos
528 1458 648 1530 gravius
669 1463 700 1516 et
714 1458 851 1518 suhtssins
864 1461 1051 1535 conscriptos
1074 1475 1140 1520 esse

160 1558 284 1630 asserit,
298 1571 401 1618 rursus
424 1563 573 1617 memorat
593 1552 785 1617 «institutam
808 1559 891 1618 iliam
914 1561 1047 1620 Platonis
1071 1576 1140 1621 cum

159 1657 319 1719 Aristotele
338 1659 597 1734 conciliationem,
615 1679 627 1712 6
644 1674 673 1733 p.
694 1661 740 1719 66.
768 1659 832 1717 vid.
849 1659 929 1719 inira
941 1662 1027 1721 llaml
1045 1676 1141 1736 opera

152 1761 192 1820 de
206 1759 316 1835 quibas
329 1761 474 1819 nonsatis
492 1764 624 1830 constat,
645 1773 725 1818 num.
744 1760 773 1818 2.

120 1884 148 1941 6.
171 1879 261 1939 liber
275 1878 313 1938 de
334 1879 462 1938 comitiis
484 1879 711 1939 Romanorum:
727 1895 836 1955 quem,
851 1881 970 1957 direpta
989 1882 1140 1942 11666161-

158 1982 328 2052 bliotheca,
353 1981 478 2055 periisse
499 1986 626 2040 testatur
649 1982 835 2056 Theophilus
858 1985 1023 2056 Banosius,
1046 1985 1065 2042 l.
1091 1999 1138 2054 6.,

159 2099 190 2159 p.
213 2084 260 2141 66,

120 2209 146 2266 5.
173 2205 254 2264 Libri
269 2205 456 2280 complures,
470 2205 577 2276 ethici,
590 2204 723 2278 physici,
742 2205 850 2279 optici,
865 2207 989 2277 musici,
1010 2207 1140 2265 astrolo-

158 2309 279 2381 6161-
292 2308 454 2378 Banosius,
486 2305 558 2364 ibid.
580 2325 586 2362 :
605 2307 789 2365 «Perierunt
808 2307 899 2365 etiam
926 2309 1020 2366 multa
1053 2309 1140 2366 Rami

159 2411 281 2483 egregia
296 2407 440 2468 doctrinae
456 2411 681 2470 monumenta..
697 2447 723 2465 ..
744 2405 822 2464 liber
836 2405 875 2465 de
888 2409 1016 2466 comitiis
1026 2409 1137 2466 Roma·

156 2526 264 2570 norum
279 2517 309 2570 et
325 2511 471 2585 pleraque
487 2509 561 2581 alia,
587 2509 703 2578 ethica,
718 2508 860 2583 physica,
876 2509 994 2582 opilea,
1010 2523 1137 2582 666666-

157 2615 250 2684 trica,
263 2613 392 2685 musica,
406 2611 606 2683 astrologica,
619 2625 686 2685 quae
697 2611 786 2669 certis
797 2609 977 2683 quibusdam
990 2612 1028 2670 de
1043 2613 1139 2670 causis

159 2717 190 2774 in
213 2715 312 2773 lucem
335 2713 426 2772 edere
440 2713 595 2781 noluerat,
617 2711 762 2770 nonnulla
783 2724 855 2770 vero
870 2725 937 2785 quae
955 2713 1048 2786 paulo
1069 2717 1139 2771 ante

160 2820 289 2875 mortem
307 2816 404 2875 amico
427 2814 547 2873 cuidam
565 2813 732 2872 tradiderat
751 2811 947 2882 excudenda,
976 2815 1080 2886 brevi,
1106 2821 1139 2875 ut

160 2932 252 2992 supra
265 2917 423 2988 admonui,
439 2915 634 2976 excudentur.
651 2935 662 2967 6

120 3043 146 3099 6.
171 3041 449 3100 Mathematicorum
476 3051 645 3111 graccorum
675 3052 786 3111 corpus
808 3073 847 3081 -
863 3042 937 3100 Cum
963 3042 1074 3099 llamus
1101 3054 1139 3098 eo

158 3143 373 3201 mathematum
383 3139 483 3201 studio
495 3139 728 3214 flagraretquod
740 3139 881 3211 diximus,
897 3141 1047 3199 rarissima
1057 3153 1138 3214 quae·

160 3256 220 3316 que
234 3241 515 3301 mathematicorum
527 3254 695 3312 graecorum
717 3254 812 3314 opera
836 3254 946 3311 magno
959 3240 1057 3313 pretio
1073 3240 1139 3298 col-

161 3344 253 3409 lecta,
267 3356 359 3401 manu
368 3341 497 3401 exscribi
510 3346 574 3399 tum
587 3355 642 3416 per
657 3341 733 3400 alios
747 3341 927 3412 nonnullos,
942 3345 1004 3398 tum
1028 3341 1058 3398 16
1073 3342 1139 3414 pri-

162 3445 218 3501 mis
248 3457 305 3517 per
338 3443 400 3502 Nic.
431 3443 607 3502 Nancelium
635 3448 802 3502 curaverat.
825 3463 837 3494 a
857 3445 960 3517 anue
988 3443 1141 3502 volumina

166 3541 414 3621 (manuscripta))
438 3543 468 3602 in
491 3543 626 3603 diversos
637 3541 758 3602 codices
770 3543 906 3616 redacta,
922 3545 1004 3603 velut
1017 3545 1141 3604 thesau-

161 3659 229 3704 rum
242 3644 431 3704 custodiebat
446 3661 455 3703 a
471 3645 578 3704 exiliis
591 3645 1073 3722 prestantissimosquosqnetam
1087 3662 1143 3721 per

163 3749 209 3804 Fr.
225 3747 494 3819 Reisnerum,tnm
503 3761 559 3821 per
571 3748 596 3804 J.
611 3747 813 3816 Poenam,tum
828 3761 883 3820 per
895 3761 943 3806 me
957 3747 1142 3807 latinosireri

163 3849 287 3907 curavit.
314 3849 471 3924 Quotquot
497 3853 596 3906 autem
619 3849 685 3906 rivo
707 3847 760 3906 ilio
785 3849 884 3907 lucem
904 3862 965 3907 non
988 3850 1142 3921 viderunt,

163 3950 196 4007 hi
204 3949 326 4023 quidem
338 3963 443 4008 omnes
452 3954 484 4008 et
492 3948 562 4007 libri
572 3953 603 4006 et
619 3952 758 4006 auctores
769 3949 891 4022 expilati
906 3963 941 4007 ac
955 3947 1036 4008 sarto
1050 3950 1143 4009 ablati

162 4051 370 4125 disperierunt.
386 4072 397 4104 6
415 4051 553 4120 Nancel,
569 4051 586 4108 l.
614 4065 655 4118 c.‚
674 4065 703 4122 p.
727 4050 774 4105 30.
792 4051 874 4107 Inter
895 4064 972 4124 quos
986 4051 1144 4110 Nancelius

163 4151 253 4210 fuisse
267 4155 415 4210 memorat
439 4149 477 4208 ab
498 4151 565 4224 ipso
579 4150 671 4208 lanne
693 4163 871 4221 conversos,
892 4152 1142 4224 «Theodosium,

166 4253 376 4327 Autolychum,
398 4253 616 4323 Aristarchum,
634 4253 802 4321 hieronem,
822 4253 959 4311 Proclum
974 4255 1003 4312 in
1019 4269 1070 4312 sex
1083 4257 1144 4327 pri·
