2916 5062
720 466 917 550 ...iffi-

308 643 343 706 ei
359 634 434 726 ipse
454 641 489 702 ei
504 635 579 724 ejus
594 633 762 704 emissarii
778 635 921 726 quidam
938 634 1170 725 denegarent,
1185 635 1232 706 ud
1249 637 1337 708 iilud

310 774 555 846 oppressorum
582 773 765 826 commune
792 755 987 846 perfugium
1018 752 1076 846 (id
1101 763 1154 826 esi
1175 765 1335 826 senatum

310 870 556 968 Purisiensem)
573 873 832 964 confugerunt:
853 895 873 944 a
892 883 987 944 tantu
1010 873 1175 945 violentia
1198 883 1335 966 postre-

310 1015 404 1062 mum
415 991 571 1084 magistri
587 992 817 1084 discipulique
830 1002 1078 1086 provocarunt.
1094 991 1150 1064 Au
1165 993 1257 1064 diem
1274 993 1336 1064 XV

311 1111 415 1202 igitur
433 1112 501 1180 cal.
521 1109 696 1205 martii(l)
715 1131 794 1181 cum
812 1110 1070 1204 provocationis
1086 1111 1143 1204 (in
1163 1131 1233 1202 qua
1253 1113 1338 1184 deli·

311 1230 433 1300 tisoere
447 1231 576 1300 Remus
587 1227 781 1323 cogitabat)
796 1229 888 1300 diem
903 1239 1085 1301 acctrsaior
1098 1232 1338 1302 unievemisset

309 1359 345 1420 ei
360 1349 407 1420 ad
428 1349 504 1418 Xlll
527 1347 786 1436 denuntiasset,
810 1357 953 1420 coactus
969 1357 1040 1439 est,
1066 1348 1166 1439 quasi
1185 1345 1335 1420 Annibal

308 1476 399 1540 esset
415 1467 462 1538 ad
478 1476 618 1558 portas,
638 1475 699 1537 aui
716 1466 762 1538 de
784 1466 904 1561 Pyrrhi
926 1485 1011 1558 pace
1026 1475 1201 1556 ageretur,
1218 1466 1336 1537 subito

312 1587 346 1656 in
360 1594 517 1657 senatum
531 1585 662 1656 venire.
681 1585 825 1675 Collegit
843 1584 961 1675 itaque
976 1604 1040 1678 pro
1052 1593 1124 1654 tam
1140 1585 1238 1654 brevi
1254 1593 1337 1654 tem—

257 1799 261 1805 ,
312 1726 396 1798 pore
412 1725 493 1794 quae
506 1704 572 1795 ipsi
588 1704 838 1790 occurrebant3
855 1721 968 1793 eaque
980 1712 1099 1795 postea
1115 1698 1252 1796 publice
1267 1703 1338 1774 edi·

310 1821 364 1892 dit
374 1818 588 1916 (2).Sedhic
600 1841 743 1912 quoque
756 1821 900 1894 Carolus
915 1821 1159 1912 Loiharingus,
1170 1829 1338 1913 tanquam
1396 1877 1402 1890 .

311 1942 462 2011 salutare
476 1939 591 2028 sidus,
603 1941 639 2009 in
659 1961 699 2010 ea
715 1948 916 2032 tempestate
930 1940 1059 2010 affulsit
1071 1939 1136 2032 (3).
1153 1966 1170 2008 »
1182 1937 1244 2010 Cui
1261 1961 1340 2012 curn

313 2067 528 2150 compertum
548 2059 651 2130 luerit
666 2057 811 2131 llamum
831 2059 1012 2153 aprivatis
1028 2059 1176 2129 inimicis
1194 2060 1269 2130 sine
1289 2062 1337 2132 le·

314 2177 432 2267 giiima
449 2198 553 2247 causa
570 2177 740 2269 opprimi,
761 2176 810 2246 illi
828 2177 960 2247 fortiter
977 2197 1079 2268 opem
1099 2176 1185 2246 tulit.
1203 2176 1341 2247 Scilicet

311 2302 497 2387 postquam
515 2295 549 2363 in
566 2294 764 2387 proximum
777 2296 869 2366 diem
884 2315 1001 2366 rausae
1014 2294 1303 2387 disceptationem
1319 2317 1340 2366 a

312 2423 452 2484 senatus
466 2414 616 2507 praeside
630 2415 891 2507 postulavisset,
903 2414 1081 2501 diedicta,
1093 2415 1232 2505 «judex
1243 2413 1295 2509 (i)
1305 2415 1339 2485 in

315 2535 390 2604 loro
405 2543 474 2604 tres
485 2534 556 2604 fere
570 2542 755 2628 perpetuas
767 2534 872 2604 horas
885 2529 1058 2621 consedit,
1071 2543 1105 2604 et
1117 2534 1339 2626 Christopho-

315 2675 392 2724 rum
414 2653 594 2724 Touiasum
616 2652 668 2746 (5)
685 2649 934 2747 'appellationis
962 2649 1101 2724 Rameie
1126 2662 1243 2746 partes
1267 2655 1337 2724 ele·

313 2781 435 2862 gunter
445 2783 479 2842 et
489 2781 610 2842 ornate
619 2770 858 2844 defendentem
861 2821 936 2846 .....
947 2773 1172 2859 auscultavit,
1187 2773 1340 2853 tandem·

310 2911 471 2980 quecum
480 2898 600 2962 senatu
610 2890 771 2960 universo
782 2891 932 2978 censuit,
948 2891 1095 2983 primum
1106 2943 1115 2978 ,
1127 2898 1165 2960 ut
1175 2889 1338 2983 discipuli

313 3007 410 3078 llumi
424 3007 460 3076 in
474 3008 656 3100 pristinum
676 3017 710 3079 et
726 3009 897 3100 integrum
915 3017 1042 3080 statum
1056 3010 1336 3097 restituerentur;

342 3253 380 3320 (1)
395 3254 450 3304 Viti.
463 3254 629 3317 prelationem
636 3253 760 3305 Orationis
773 3254 844 3305 lierni
856 3263 900 3318 pru
912 3255 1082 3318 philosophica
1094 3254 1233 3318 disciplina.

343 3339 378 3402 (i)
396 3339 451 3389 vid.
464 3338 527 3389 inira
538 3338 616 3388 Caiul.
630 3351 669 3401 op.
683 3337 762 3388 Remi.

343 3423 377 3485 (3)
394 3423 504 3485 Freigius
520 3424 546 3472 ln
556 3425 607 3472 ritu
622 3421 709 3481 Remi,
721 3435 747 3486 pt
766 3425 792 3471 iii
811 3436 865 3485 sqq.
880 3422 918 3472 ci.
931 3419 1002 3472 llami
1015 3422 1083 3472 Orsi.
1104 3435 1148 3484 pro
1166 3415 1339 3486 philosophica

312 3499 390 3556 Paris.
400 3507 476 3556 lead.
484 3507 614 3570 disciplina
625 3513 650 3558 et
661 3507 727 3556 0rnt.
748 3509 803 3558 inii.
816 3504 879 3570 prol.
888 3517 941 3558 suu
951 3505 1030 3556 habit.
1046 3506 1116 3555 iisne
1131 3503 1220 3567 lireigii
1239 3508 1279 3556 vei
1293 3519 1338 3570 po-

291 3647 294 3654 ,
312 3594 363 3640 tius
379 3589 451 3639 Romi
467 3594 636 3642 narrationem
652 3583 784 3642 confirmat
802 3593 855 3643 ino.
876 3592 1070 3655 carpentarius:
1090 3590 1202 3640 «lieetor
1220 3591 1338 3652 designe-

313 3679 366 3733 tus,
382 3676 494 3736 inquii„
508 3707 535 3723 ..
551 3675 614 3724 iliud
627 3680 712 3726 contre
723 3680 748 3726 te
760 3689 823 3740 saepe
831 3677 968 3738 disputari,
978 3687 1028 3724 non
1040 3675 1116 3725 modo
1124 3674 1191 3737 apud
1201 3674 1339 3724 Acudsmiae

310 3759 426 3820 ordines,
447 3759 572 3821 scrispuli
593 3759 718 3810 illustriss.
736 3759 889 3810 cardinalem
909 3763 934 3808 et
952 3761 1091 3821 prinoipem
1114 3757 1303 3819 lotharingurn.
1325 3773 1336 3801 r

312 3844 429 3905 Corpeni.
441 3844 572 3893 Animadr.
586 3845 612 3893 io
627 3844 654 3893 P.
669 3844 786 3902 Remum,
800 3843 840 3893 lol.
854 3846 868 3893 5
881 3845 942 3892 rect.
954 3842 1042 3904 Ejusd.
1054 3841 1174 3905 Respons.
1187 3841 1218 3891 ud
1227 3841 1337 3904 Exposit.

311 3927 343 3976 tie
354 3926 481 3983 methodo,
493 3925 535 3977 iol.
546 3928 560 3976 i
570 3940 596 3976 v.

344 4011 378 4071 ii)
396 4009 504 4072 Nempe,
520 4016 549 4059 ut
567 4021 598 4060 es
617 4009 732 4059 hocloco
748 4011 869 4068 conjicere
885 4007 956 4068 iicet,
973 4007 1173 4070 archiepiscopus
1188 4004 1337 4055 Rhemensis

313 4095 338 4141 in
353 4100 453 4144 sumine
467 4095 535 4143 ouria
544 4093 620 4154 iudex
632 4091 743 4142 sedehat.
1285 4098 1287 4102 ·

345 4178 381 4241 is)
393 4179 538 4240 christoph.
551 4179 669 4227 l’ouiaeus
684 4176 729 4236 irie
745 4173 845 4237 Thou).
866 4187 927 4223 nun.
952 4175 1104 4233 rosi-iiia,
1118 4185 1236 4223 summus
1246 4183 1337 4236 metes

312 4267 414 4312 munius
429 4263 485 4323 luit,
497 4265 570 4324 eique
583 4261 677 4311 liumus
688 4273 749 4309 ann.
763 4261 822 4310 istit
837 4260 946 4309 actiones
955 4259 1018 4308 uuas
1030 4257 1222 4309 mathematicus
1233 4256 1335 4315 dicavit,

311 4354 375 4410 uuas
386 4349 411 4397 in
421 4349 509 4398 senatu
520 4349 605 4396 contra
617 4345 669 4394 iaci
679 4343 868 4408 carpentarium
879 4342 1009 4394 habueras
