2912 5066
542 415 759 485 ..109-

140 577 331 672 taphpsicae
347 585 480 671 partem
492 575 779 668 negligerevisus
795 575 917 668 luerit3
937 574 1035 666 quod
1051 584 1164 646 tamen

70 753 72 758 .
140 719 219 767 eum
246 718 316 767 non
341 717 387 768 cx
412 693 580 766 industria
607 715 649 766 ao
671 695 828 771 consulto
853 693 974 764 fecisse
1001 695 1164 765 manifes-

141 825 213 886 tum
244 822 308 885 est.
1178 795 1180 800 ¹

188 932 327 1002 Ethioas
345 939 437 1002 artes
455 930 579 1001 eodem
606 929 731 1021 logicae
762 951 827 1000 usu
857 929 1030 1001 illustrare
1057 928 1167 1023 proli-

142 1048 247 1136 tendo
268 1068 470 1140 ageremus,
488 1044 681 1118 Aristotelis
699 1047 811 1118 ethica
833 1043 886 1142 (l)
907 1027 1099 1139 et'politioa
1114 1047 1167 1136 (Ξ)

142 1168 178 1238 in
193 1166 334 1239 latinam
350 1165 504 1256 linguam
518 1165 709 1256 elegantius
722 1165 838 1236 vertit.
855 1165 1165 1258 Iurisprudeutiam

145 1305 287 1376 qnoque
309 1285 503 1356 instaurare
521 1291 555 1356 et
571 1284 616 1355 ab
632 1284 742 1354 inutili
761 1286 876 1374 legum
897 1283 1115 1354 multitudine
1128 1285 1167 1352 li-

143 1403 267 1474 berare
289 1404 325 1474 in
347 1403 462 1475 animo
479 1403 644 1474 hahuisse
660 1400 798 1472 videtur
813 1397 881 1498 (3)
904 1401 992 1485 Quin
1010 1402 1114 1472 etiarn
1132 1403 1168 1472 in

143 1542 187 1592 eo
201 1530 276 1592 erat
293 1530 331 1590 ut
352 1530 462 1592 totum
477 1521 708 1592 humanarum
731 1520 858 1590 artium
887 1519 1097 1590 curriculum
1111 1520 1169 1591 an

145 1640 316 1727 solveret,
341 1661 450 1730 quum
472 1639 657 1714 immaturo
672 1637 804 1708 exitus
822 1638 913 1712 rivis
931 1639 1088 1708 sublatus
1101 1647 1165 1708 est.

195 1757 263 1828 Sed
281 1757 447 1848 quoniam
464 1778 583 1832 omnes
603 1765 695 1827 artes
715 1778 757 1828 ac
777 1755 979 1850 disciplinas
998 1757 1101 1826 unius
1120 1758 1170 1827 lo-

146 1875 236 1968 gicae
264 1877 434 1946 facultatis
458 1877 609 1946 fructum
625 1897 701 1947 esse
721 1875 959 1964 arbitraretur,
991 1875 1171 1948 dialectica

148 2001 265 2066 annm
292 1995 469 2088 praecipua
489 1997 566 2065 laus
580 1994 678 2065 Rami
694 1993 1028 2088 apndphilosophos
1052 2015 1171 2066 omnes
1242 2085 1247 2095 ¹

148 2111 273 2199 luerit,
299 2133 416 2204 operae
438 2112 586 2206 pretium
610 2120 662 2183 est
681 2111 855 2203 quidquid
875 2112 932 2182 ille
954 2111 990 2180 in
1010 2112 1122 2202 logica
1138 2122 1172 2182 et

149 2230 314 2302 methodo
334 2231 573 2302 reformaverit
590 2231 802 2323 expandere.
815 2229 890 2300 Hoc
905 2229 996 2301 enim
1015 2230 1078 2299 luit
1090 2229 1170 2300 reli-

150 2347 211 2438 qui
243 2347 372 2419 laboris
404 2348 611 2442 principium
645 2356 680 2418 et
710 2347 800 2417 lons.
832 2347 1037 2428 Quaeramus
1068 2345 1173 2437 igitur

152 2476 269 2536 utrum
281 2445 359 2558 jure
379 2467 423 2544 ab
442 2467 644 2539 auctoribus
660 2465 871 2557 quibusdam
889 2467 1017 2537 Remus
1033 2467 1172 2536 Baoono

151 2592 186 2654 et
206 2585 382 2668 Cartesio,
404 2585 529 2676 logicas
554 2582 866 2670 restauratorihus,
888 2584 1073 2673 adjunctos
1096 2583 1175 2653 lue-

155 2702 199 2773 rit
207 2702 274 2794 (l).
685 2773 689 2778 ,

203 2823 319 2905 Quum
342 2820 515 2916 duplicem
533 2822 662 2892 llamus
680 2821 715 2891 in
737 2819 906 2892 docendis
930 2831 965 2892 et
987 2820 1179 2892 tractandis

157 2940 347 3034 disciplinis
372 2941 540 3022 rationem
569 2939 775 3028 instituerit,
806 2941 948 3012 alteram
976 2943 1178 3018 ἀποδεικτικήν

155 3061 228 3134 sive
245 3060 572 3147 demonstrativam,
604 3061 750 3130 alteram
774 3068 941 3156 ἐλεγκτικήν
967 3059 1040 3130 sive
1060 3079 1178 3152 repre·

156 3178 365 3268 hensoriam,
381 3179 514 3272 duplex
528 3178 607 3250 ideo
619 3179 655 3248 in
670 3178 851 3249 dialectica
869 3177 1083 3271 propositum
1098 3159 1189 3246 ante

158 3301 278 3369 oculos
298 3298 441 3384 habuit,
467 3305 505 3366 ut
518 3297 675 3367 refutatis
694 3295 874 3367 contrariis
891 3293 1178 3387 philosophorum

159 3417 403 3512 opinionibus,
431 3437 495 3488 sua
519 3415 628 3508 ipsius
646 3414 773 3508 placita
797 3412 1057 3485 demonstraret.
1087 3411 1179 3496 Quid

193 3779 230 3834 (1)
248 3776 302 3826 Vld.
313 3777 394 3829 Catnl.
407 3791 447 3842 op.
460 3779 541 3828 Remi.
554 3741 666 3837 Naucel,
678 3791 703 3841 p.
715 3781 762 3828 35:
776 3795 788 3824 a
804 3777 906 3828 llthioan
919 3790 948 3828 ao
963 3778 1082 3841 physicen
1097 3781 1187 3828 minua

160 3863 275 3912 accurate
285 3867 489 3924 persecutorem,
503 3874 648 3924 quanquam
657 3861 688 3912 de
697 3865 802 3922 utraque
813 3861 906 3924 ailquid
915 3859 1108 3922 commentatus,
1118 3866 1183 3912 alca

193 3942 228 4007 (2)
245 3942 299 3993 vio.
311 3944 366 3994 Cat.
376 3958 415 4012 op.
428 3944 510 3995 Remi.
521 3945 558 3994 Cf.
568 3945 652 3996 Barth.
663 3945 841 4006 saint-llllalre,
851 3945 971 4007 Politique
982 3945 1182 4007 d‘drlat.,l³raet.,

197 4057 205 4076 .
216 4025 311 4076 C-Clv.

162 4038 231 4172 pl‚(3)
247 4110 300 4161 llld.
312 4111 392 4162 (ialal.
404 4126 443 4174 op.
456 4111 537 4162 llaml.
548 4111 584 4160 Cl.
594 4111 677 4161 schol.
689 4111 779 4170 math„
792 4109 810 4158 l.
822 4108 841 4158 ll
855 4111 901 4158 sub
912 4110 955 4159 lln.

194 4193 229 4256 (l)
246 4193 300 4244 vid.
313 4195 415 4244 lllssert.
426 4195 457 4246 da
468 4195 547 4244 tribus
560 4195 644 4256 logice
656 4198 796 4255 restaurat,
806 4193 892 4253 Romo,
905 4193 1055 4256 Verulamio,
1065 4193 1186 4257 Cartesin,

164 4275 238 4337 leun,
255 4281 324 4327 1112.
