2912 5066
530 959 824 1066 intinniit.

664 1720 694 1788 1.

394 1970 398 1977 Ι
446 2011 691 2063 Tusunttuttiuit
711 2013 742 2064 P.
762 2011 845 2062 litttt
864 2012 914 2080 (i).

208 2268 379 2329 innomine
395 2268 449 2327 Dei
461 2269 573 2342 patris,
588 2269 660 2341 tilii,
675 2269 795 2342 spiritus
809 2229 913 2330 sancti.

208 2414 273 2485 Ego
294 2415 326 2470 P.
344 2413 474 2480 Remus,
489 2410 643 2482 professor
662 2411 764 2481 regius
785 2409 815 2465 in
834 2409 995 2468 Academia
1009 2413 1185 2484 parisiensi,

166 2514 272 2571 *animo
297 2509 422 2584 quidem
444 2523 635 2584 corporeque
653 2511 776 2580 valens,
796 2507 834 2565 de
856 2510 916 2567 vita
938 2515 1038 2568 autem
1057 2514 1192 2584 cogitans

169 2627 240 2672 cum
255 2625 311 2684 per
325 2624 358 2668 se
372 2608 488 2680 debili,
503 2615 567 2668 turn
580 2610 701 2668 incertis
720 2614 865 2682 suscepte
882 2609 920 2667 ad
934 2611 1121 2672 invisendum
1135 2628 1192 2671 no-

169 2713 248 2771 biles
269 2714 440 2770 exterarum
457 2711 592 2784 gentium
613 2710 790 2770 Academias
804 2711 1055 2784 peregrinationis
1073 2714 1191 2774 casibus

167 2811 307 2885 obiecta,
322 2815 535 2871 testamentum
553 2811 595 2870 ita
608 2810 707 2870 condo
723 2814 895 2884 statuoque.
919 2811 1057 2872 Animum
1077 2816 1158 2884 Deo,
1174 2829 1191 2872 a

166 2927 231 2988 ¹uuo
245 2912 341 2972 iactus
355 2915 417 2984 est,
435 2913 465 2972 in
483 2913 633 2972 coelestem
647 2911 807 2970 beatorum
825 2910 969 2972 familiam
984 2913 1190 2988 adoptandum

170 3016 352 3078 commendo
368 3033 377 3076 ε
393 3031 505 3092 corpus
518 3021 628 3089 terrae,
643 3017 724 3076 unde
742 3021 843 3080 ortum
861 3023 926 3089 est,
947 3019 977 3078 in
988 3019 1094 3093 judicii
1109 3021 1190 3080 diem

170 3117 336 3176 committo.

209 3221 233 3276 Ε
259 3219 398 3291 vectigali
422 3233 492 3279 meo
511 3217 554 3296 (2)
580 3220 837 3294 septingentarum
859 3218 1031 3278 libellorum
1051 3221 1082 3277 in
1102 3221 1188 3278 Pari-

200 3535 235 3596 (1)
252 3535 323 3595 Apud
337 3534 493 3594 Nanceiium,
514 3536 538 3582 in
555 3535 623 3582 Rami
638 3537 699 3595 rita,
718 3549 743 3596 p.
753 3539 842 3595 80-85,
858 3541 883 3582 et
895 3535 995 3595 Bonos„
1005 3537 1030 3582 in
1043 3537 1111 3584 Rami
1123 3537 1186 3591 rita,

170 3630 195 3678 ῃ.
209 3622 289 3671 didi·
302 3619 358 3666 Vid.
370 3619 447 3666 Catai.
460 3631 503 3678 op.
515 3619 545 3667 R.

201 3701 234 3762 (ἢ)
252 3703 378 3749 «Annuus
392 3702 427 3748 iiii
442 3703 534 3749 reditus
548 3703 613 3749 omni
627 3715 657 3749 ex
675 3709 743 3761 narie
755 3703 852 3750 circiter
863 3712 1034 3754 sexcentorum
1046 3717 1188 3760 aureorum,

169 3786 206 3832 vei
226 3785 264 3832 bis
276 3786 428 3834 miiienarurn
441 3787 558 3833 iibrarum
571 3785 625 3832 init.
638 3785 698 3832 Narn
710 3799 724 3831 e
735 3786 858 3844 stipendio
872 3788 942 3844 regie
959 3788 1116 3846 professionis
1128 3787 1191 3834 inira

169 3869 314 3928 quingentas
326 3867 400 3916 libras
412 3868 543 3928 quotannis
557 3867 700 3927 accipiebat.
714 3869 732 3914 E
745 3869 862 3916 cubiculis
873 3869 967 3928 coiiegii
981 3871 1088 3916 locandis
1100 3873 1124 3918 oi
1136 3880 1192 3928 pro-

169 3951 286 3999 fessorum
307 3952 459 3999 auditoribus
476 3952 565 3999 exteris
584 3951 732 3997 tantumdem
751 3950 812 3997 forie
825 3951 978 3998 corradebat.
995 3951 1056 4010 (Sed
1068 3952 1126 3998 dum
1139 3951 1190 4009 ipse

170 4033 236 4080 dorni
252 4034 342 4092 legeret
355 4046 410 4080 cunr
423 4034 516 4090 Taiaeo‚
531 4032 632 4092 singuiis
653 4032 777 4078 mensibus
789 4031 863 4079 libras
873 4033 969 4078 circiter
980 4040 1077 4078 centurn
1089 4031 1191 4088 collige-

170 4118 233 4172 bat.)
249 4117 267 4164 E
279 4118 396 4177 gymnasii
409 4118 528 4165 reditibus
541 4117 627 4165 annuis
638 4117 726 4176 partim
749 4115 862 4170 urbanis,
882 4115 971 4174 partim
983 4114 1080 4174 praediis
1094 4113 1191 4161 rusticis

168 4201 332 4261 acdomtntts,
342 4206 438 4250 circiter
449 4208 575 4248 sexcentas
585 4199 622 4247 rol
631 4204 766 4259 nongentas
778 4199 851 4246 iibras
863 4199 1015 4246 numerabat·
1031 4198 1122 4246 Habuit
1130 4211 1192 4258 prae-

168 4292 236 4334 terea
243 4287 378 4346 prioratum
389 4286 518 4347 quemdam
527 4285 712 4334 iibcdonensenr
724 4282 749 4331 in
759 4283 854 4330 diocesi
865 4281 1021 4344 cadurcensi,
1029 4289 1053 4330 et
1065 4284 1192 4344 parociam
