2912 5066
647 431 864 506 -150-

247 607 357 668 erant.
381 595 425 666 At
450 619 490 670 ea
516 599 655 670 minime
677 606 757 668 sunt
780 575 1093 690 praetermittenda,
1119 618 1200 688 quae
1226 595 1270 668 de

248 725 391 802 natura,
422 737 508 804 usu,
541 717 788 788 exercitatione
820 724 891 786 tam
924 715 1068 786 feliciter
1096 715 1265 786 docuerit.

247 831 511 902 Exercitationis
528 853 651 924 nempe
668 853 838 902 summam
852 833 923 902 vim
940 840 974 900 et
990 830 1171 902 utilitatem
1190 841 1270 902 ante

247 948 362 1018 omnia
382 949 501 1018 laudat
516 957 620 1038 atque
632 949 783 1036 extollit,
802 973 820 1016 «
837 949 990 1038 artisque
1003 949 1152 1018 fructum
1164 970 1268 1020 exer-

248 1063 408 1134 citatione
431 1064 610 1157 exprimi»
631 1085 788 1156 persaepe
816 1065 985 1154 declarat,
1014 1088 1031 1131 u
1053 1085 1168 1155 neque
1195 1073 1270 1134 arte

247 1183 342 1270 sola,
362 1182 425 1254 sed
441 1186 549 1252 multo
565 1183 677 1273 magis
696 1182 780 1254 artis
804 1182 1027 1254 meditatione
1044 1191 1078 1251 et
1096 1204 1164 1252 usu
1185 1181 1269 1267 arti-

247 1299 348 1370 ficem
373 1300 448 1371 fieri
478 1299 548 1393 (t).
575 1301 725 1370 »Porro
756 1321 836 1372 cum
864 1300 1122 1371 exercitationis
1155 1308 1271 1392 partes

249 1418 469 1510 scriptionem
491 1418 747 1507 dictionemquo
769 1439 845 1488 esse
868 1427 1052 1506 statueret,
1080 1418 1227 1510 illasque
1246 1439 1269 1488 a

250 1536 404 1627 diligenti
431 1545 585 1608 veterum
617 1537 805 1608 imitatione
839 1537 990 1629 pendere
1023 1535 1268 1625 arbitraretur,

251 1652 331 1723 inde
347 1654 475 1722 factum
490 1661 556 1740 est,
569 1662 606 1722 ut
616 1655 781 1744 exempla
795 1652 925 1743 ubique
938 1652 1085 1745 plurima
1094 1651 1129 1721 in
1144 1651 1273 1722 dialec-

251 1767 333 1858 tica,
347 1769 601 1862 perspicuitatis
620 1771 783 1861 primum,
803 1770 929 1841 deinde
942 1770 1142 1842 imitationis
1153 1789 1271 1855 causa,

252 1909 272 1956 e
289 1897 444 1958 veterum
459 1889 596 1980 scriptis
615 1888 800 1979 colligeret.
822 1889 906 1960 Haec
921 1890 1080 1980 exempla
1095 1909 1114 1958 e
1129 1866 1274 1958 diversis

253 2005 385 2076 artibus
410 2007 500 2078 sumi
524 2007 664 2077 minime
685 2007 814 2090 vetnit,
836 2007 987 2097 ideoque
1004 2005 1049 2076 ab
1068 2005 1161 2076 Artis
1179 2005 1275 2096 cogi-

253 2124 349 2194 tandi
365 2123 566 2195 auctoribus
582 2125 669 2194 falso
683 2124 826 2194 crimine
843 2123 1060 2194 insimulatur
1077 2116 1133 2218 (2)
1146 2149 1156 2211 3
1171 2143 1274 2214 quem

254 2252 369 2313 autem
379 2244 616 2331 imitabantur,
631 2263 710 2313 eum
719 2243 917 2334 vituperare
928 2242 1069 2313 minime
1081 2242 1198 2313 decuit
1208 2241 1272 2332 (ὃ).

255 2361 327 2432 lmo
338 2383 440 2450 vero,
454 2362 532 2452 quis
545 2383 699 2453 unquam
710 2361 879 2432 adversus
891 2361 1029 2431 inutiles
1041 2361 1085 2431 de
1094 2361 1277 2453 praeceptis

255 2478 378 2570 logicis
396 2479 646 2571 disputationes
668 2478 779 2568 magis
797 2487 934 2548 strenue
951 2499 1057 2570 quam
1069 2467 1203 2549 'Ramus
1221 2499 1277 2548 re-

257 2596 442 2666 clamavit?
465 2597 550 2680 Quis
571 2596 696 2688 logicae
720 2617 821 2666 usum
847 2595 883 2664 in
908 2595 1054 2686 siugulis
1079 2595 1280 2666 liberalibus

258 2714 390 2785 artibus
417 2718 548 2807 majore
574 2715 766 2787 constantia
793 2716 1034 2806 expostulare,
1064 2721 1125 2783 ant
1147 2713 1280 2784 felicius

259 2832 496 2904 demonstrare
514 2833 648 2904 valuit?
663 2834 752 2903 Num
770 2832 800 2902 is
819 2841 893 2902 erat
909 2832 1018 2903 aridae
1033 2830 1279 2923 disputationis

260 2959 320 3020 aut
338 2951 535 3039 jejunorum
562 2959 815 3040 praeceptorum
837 2960 984 3038 amator,
1004 2949 1066 3041 qui
1083 2947 1216 3040 logicos
1234 2946 1280 3018 ad

259 3069 414 3161 ipsorum
436 3067 519 3138 artis
541 3088 642 3136 usum
659 3068 871 3138 revocabat:
891 3069 1014 3154 «Usu,
1034 3091 1121 3156 usu,
1143 3067 1280 3157 inquie-

261 3188 337 3275 bat,
353 3185 455 3259 nobis
470 3207 558 3280 opus
569 3193 634 3273 est,
647 3186 707 3277 qui
721 3186 940 3278 captionibus
954 3196 988 3256 et
1005 3186 1281 3258 distinctionibus

261 3307 354 3379 eludi
381 3329 451 3377 non
474 3314 646 3399 potest...
677 3305 761 3396 Ego
777 3313 951 3398 praecepta
974 3307 1073 3393 vole,
1100 3315 1135 3375 et
1160 3325 1280 3375 eorum

264 3427 373 3515 gratia
386 3434 456 3496 tam
471 3427 578 3495 multa
599 3424 751 3516 disputo,
769 3433 808 3493 ut
826 3444 922 3510 vera,
940 3431 1184 3512 consentanea,
1203 3443 1282 3516 pro·

294 3685 330 3750 (1)
349 3683 463 3744 Dialect,
474 3684 518 3733 lib.
528 3685 567 3744 ll,
578 3685 623 3734 tln.

296 3771 330 3833 (2)
348 3768 515 3829 nort-noyn,
526 3765 571 3818 Art
583 3769 614 3818 de
629 3780 728 3831 pensor,
747 3779 829 3831 prem.
843 3767 909 3820 dire.
924 3770 986 3820 «On
997 3773 1114 3819 trouvera
1125 3771 1157 3818 ici
1171 3768 1284 3830 queunte

264 3856 295 3906 de
304 3854 390 3904 choses
404 3852 435 3901 de
447 3850 601 3914 physlqueet
615 3850 645 3900 de
660 3851 753 3900 morale
762 3854 787 3900 et
796 3852 826 3901 de
835 3853 1054 3916 me'tapbysiqne...
1065 3852 1129 3901 Toot
1141 3864 1169 3901 ce
1180 3854 1223 3913 qui
1234 3856 1286 3900 sert

265 3945 316 3992 lla
326 3943 423 4004 legique
434 3940 469 3988 lui
486 3939 639 4002 appartient;
658 3943 683 3986 et
698 3937 757 3986 c’eet
774 3949 823 3986 nne
839 3937 914 3988 chose
926 3937 1091 3987 cntlcrement
1107 3935 1222 3994 ridicule,
1237 3947 1286 3996 que

263 4027 299 4076 les
311 4025 436 4087 gebennes
447 4035 496 4087 que
512 4035 539 4074 se
551 4022 663 4072 donnent
680 4023 787 4070 certatus
804 4025 919 4081 auteurs,
935 4033 1034 4071 comme
1042 4020 1138 4070 Remus
1148 4024 1173 4070 et
1186 4019 1223 4069 les
1235 4017 1288 4068 lla·

266 4111 366 4168 mlstes,
378 4114 426 4160 etc.
441 4125 453 4154 u
468 4108 516 4168 Gt,
531 4107 602 4168 inid,
615 4119 664 4156 rec.
673 4106 749 4166 diac,
761 4105 792 4155 de
802 4105 886 4166 logione
898 4117 954 4154 usu.

297 4191 332 4253 (a)
350 4191 405 4242 vid.
422 4192 552 4250 Gessend,
571 4192 650 4241 lnstlt.
661 4191 710 4252 log.
721 4226 728 4251 ,
740 4197 765 4240 et
779 4189 823 4238 nrt
836 4189 867 4238 de
877 4201 980 4251 penset,
995 4201 1059 4252 pass.
1077 4187 1124 4236 llic
1136 4185 1289 4249 plurimtcnr

265 4273 324 4323 locis
335 4275 450 4336 exempla·
459 4288 488 4323 cx
498 4274 570 4322 Remi
584 4275 686 4324 Dialecl.
700 4275 802 4336 repetita
814 4277 881 4321 sunt.
