2916 5062
710 335 903 408 ..73-

295 499 636 596 pmnituit3namuin
648 519 820 570 carcerem
832 506 871 568 ut
882 498 1112 570 calumniator
1126 502 1322 592 conjectus,

294 618 504 713 palinodiam
523 639 648 690 canere
662 625 804 690 coactus
816 619 907 706 est(i
917 619 944 708 ).
957 642 975 684 n
990 617 1064 688 Hoc
1081 619 1193 710 magis
1208 619 1242 688 in
1256 617 1329 690 ila·

296 759 388 806 mum
405 737 540 823 iurere,
564 758 628 808 uec
641 738 716 827 jam
732 734 909 829 publicas,
935 735 998 806 sed
1022 737 1175 829 privatas
1189 738 1234 809 de
1251 737 1326 807 ini·

293 857 383 927 mico
396 877 522 949 plenas
535 855 700 947 cogitare,
715 853 859 925 sicarios
872 854 1012 926 tandem
1025 863 1060 926 et
1071 855 1331 940 interfectores,

292 975 348 1045 vel
375 993 462 1068 pace
489 979 731 1067 permanente,
754 992 924 1061 quaerere.
946 971 1081 1042 Scilicet
1111 972 1205 1043 missi
1235 987 1333 1043 sunt

293 1092 389 1164 haud
407 1093 513 1163 semei
526 1083 562 1160 in
573 1091 755 1161 Praelleum
768 1089 988 1183 gymnasium
1002 1089 1124 1160 armati
1137 1089 1301 1160 homines
1315 1142 1328 1172 ‚

295 1204 358 1296 qui
377 1204 524 1274 Remum
540 1203 618 1274 neci
636 1201 810 1272 traderent
829 1228 837 1270 :
866 1222 957 1292 quos
975 1201 1050 1295 ipse
1063 1201 1239 1272 interritus
1257 1222 1331 1272 ex·

295 1322 399 1418 cepit,
409 1343 451 1393 ac
461 1320 663 1392 fortitudine
675 1329 735 1390 aut
751 1319 949 1410 eloquentia
959 1341 980 1390 a
992 1329 1088 1390 tanto
1101 1320 1255 1392 facinore
1264 1321 1328 1392 de·

296 1441 418 1514 terruit
437 1438 506 1536 (2).
531 1441 645 1524 Quum
669 1448 786 1510 autem
807 1439 963 1510 secundo
985 1439 1079 1510 civili
1100 1439 1191 1510 bello
1211 1438 1324 1510 Gallia

297 1558 457 1651 flagravit
470 1557 593 1630 eodem
610 1578 703 1627 anno
719 1553 811 1628 i567
833 1553 906 1647 (3),
923 1554 1086 1648 praesenti
1105 1554 1202 1627 oaede
1221 1576 1326 1626 occu·

207 1689 213 1700 ’
297 1677 450 1763 buisset,
479 1674 545 1744 nisi
570 1672 882 1766 San-Dionysium,
915 1673 951 1741 in
980 1672 1123 1744 Condaei
1157 1654 1325 1767 principis

298 1801 410 1863 castra
431 1790 643 1881 confugisset
654 1788 719 1883 (i).
741 1788 897 1859 Ceterum
918 1789 1029 1883 praelii
1046 1799 1233 1884 spectator,
1251 1811 1323 1860 non

298 1910 474 2003 praeliator
486 1909 568 1997 iuit3
583 1909 729 2000 ejusque
737 1915 832 1995 vota,
844 1915 883 1976 ut
895 1905 970 2000 ipse
981 1909 1047 1997 ait,
1058 1908 1155 2001 pacis
1164 1916 1199 1978 et
1213 1917 1320 1998 togae,

299 2049 369 2098 non
394 2027 474 2098 belli
499 2030 554 2098 vel
578 2048 755 2098 armorum
779 2023 926 2096 luerunt.
947 2025 1016 2121 (5).
1047 2027 1189 2098 Condaei
1215 2026 1324 2118 igitur

298 2147 464 2241 principis
478 2141 668 2218 exereitum
696 2154 834 2246 secutus
851 2145 887 2214 in
911 2147 1189 2238 Letharingiam‚
1211 2168 1322 2238 quum

298 2263 458 2335 Germani
473 2265 607 2356 equites
619 2284 710 2356 quos
732 2263 918 2334 Casimirus
937 2263 1098 2357 princeps
1125 2285 1243 2336 secum
1264 2262 1324 2334 ad·

335 2599 669 2666 (lillancei.,ibid.‚p.6.'t.
781 2643 783 2647 .

332 2687 366 2748 (2)
376 2686 431 2735 Duo
442 2685 575 2734 itanceiius
589 2684 678 2748 (inid,
693 2695 718 2746 p.
731 2687 775 2741 60,
791 2684 831 2744 iti)
843 2683 957 2746 exempla
970 2681 1057 2744 refert,
1068 2694 1176 2744 quorum
1190 2685 1260 2732 testis
1271 2686 1324 2746 ipse

301 2767 363 2815 tuit:
376 2785 388 2811 ι
402 2769 505 2816 iicmlnl
516 2771 610 2824 autem,
627 2768 721 2827 inquit,
734 2766 916 2828 deprehensum
926 2766 987 2815 clim
997 2765 1029 2814 ab
1042 2777 1071 2815 eo
1085 2757 1181 2828 (Remo)
1196 2771 1324 2818 armatum

301 2849 496 2907 ganemem,qnl
507 2849 533 2895 in
545 2846 656 2895 seiroism
668 2845 753 2896 iurans
764 2850 887 2910 impetum
896 2848 1008 2908 iaciebat,
1018 2848 1049 2897 ab
1057 2847 1193 2908 eodemque
1201 2849 1227 2895 in
1235 2847 1323 2898 nulum

301 2941 379 2979 mann
393 2928 529 2978 deductum
541 2949 547 2977 ι
563 2941 639 2990 quem
650 2929 753 2980 demum
765 2930 848 2992 flagris
858 2935 939 2982 totum
950 2933 1076 2992 lacerum,
1088 2935 1217 2994 totumque
1227 2943 1323 2982 cruen-

302 3017 372 3074 ium,
381 3011 519 3075 supplicem
529 3025 544 3062 a
555 3025 582 3062 ee
593 3017 618 3064 et
627 3016 788 3075 quiritantcm
796 3016 902 3078 dimisit,
914 3019 957 3079 qui
969 3018 1043 3080 panio
1055 3021 1113 3067 ente
1123 3019 1227 3066 sicarius
1238 3019 1324 3066 minax

301 3097 354 3146 rim
367 3094 458 3146 inferre
469 3095 614 3145 conabatur.
628 3129 676 3147 .....
688 3096 755 3146 Alias
766 3097 893 3159 quondam
903 3100 1063 3160 gymnasium
1074 3098 1222 3148 obsederant
1234 3101 1323 3148 ermeli

298 3180 385 3243 piures
396 3181 448 3228 tota
461 3180 588 3229 academia
600 3179 686 3234 fumosi
701 3179 858 3240 gladiatores,
870 3193 900 3229 ee
911 3183 994 3230 nescio
1006 3184 1049 3244 qui
1062 3181 1103 3231 alti
1118 3183 1230 3242 ejusdem
1241 3181 1324 3232 farinae

300 3265 388 3327 perditi
399 3263 535 3314 nebulones
544 3276 719 3326 generumque.
730 3264 832 3325 ilamns,
843 3264 958 3327 quemad
968 3277 1056 3314 necem
1067 3265 1212 3328 poscebant,
1222 3267 1324 3316 inermis

301 3349 392 3410 prodit,
407 3347 453 3398 hos
464 3347 601 3410 niioquitnr
615 3346 726 3410 placidus
738 3333 822 3406 iratos,
836 3350 939 3410 pacatus
953 3346 1072 3407 furentes,
1084 3348 1186 3412 frigidus
1200 3349 1323 3408 ardentes,

300 3433 327 3480 et
335 3431 460 3492 loquendo
470 3431 609 3490 demulcet,
621 3432 778 3494 adductoque
788 3432 920 3494 supercilio
931 3434 1020 3491 terret,
1034 3431 1081 3485 liae
1093 3445 1154 3483 usus
1165 3434 1322 3494 potissimum

300 3515 410 3562 rationez
423 3514 544 3564 Neronem
556 3515 726 3576 matricidam,
737 3515 768 3565 ob
781 3514 940 3567 interiectum
951 3516 1070 3566 senecam
1083 3520 1260 3579 preceptorem
1272 3531 1322 3567 nou

301 3591 397 3640 minore
405 3590 509 3650 dignum
516 3593 769 3660 odioheiritumepud
777 3595 1229 3658 posterosquamolrcesammatrem
1238 3597 1323 3649 luisse.

301 3668 484 3730 Argumentum
496 3682 592 3731 magne
604 3672 754 3721 tortitudinis
765 3678 790 3722 et
803 3674 927 3735 audacie,
942 3679 979 3724 toi
991 3663 1094 3726 armatis
1104 3675 1247 3726 insentibus
1260 3678 1324 3728 edo-

302 3748 452 3801 lescentibus
463 3761 516 3799 sese
527 3763 607 3800 unum
619 3753 741 3802 inermem
752 3753 866 3817 obiicere.
878 3767 954 3816 quem
966 3755 1096 3808 confodere
1104 3758 1195 3819 gladio,
1208 3758 1247 3808 vei
1259 3761 1322 3815 sica.

302 3833 596 3896 ueipngtonamntgioho
603 3834 719 3896 plumbeo
728 3835 825 3896 adigere
834 3836 913 3904 iuerat
921 3841 1065 3903 impunitati
1073 3844 1224 3902 proximum,
1232 3847 1257 3892 et
1266 3844 1325 3892 oiu-

302 3919 533 3980 dtetomtimeoti
547 3916 703 3976 facillimum.
718 3936 730 3964 ι

332 4003 370 4068 (3)
381 4003 425 4054 ilie
438 4006 468 4054 28
481 4015 562 4054 mens.
573 4004 707 4066 septembr.
721 4005 777 4054 vid.
788 4005 887 4056 thuani
904 4006 979 4064 illst„
993 4008 1036 4058 iii).
1052 4007 1116 4058 litii
1131 4011 1186 4060 init.

332 4085 370 4150 (i)
384 4087 454 4138 Remi
471 4089 549 4151 ,tipice
564 4088 594 4138 ed
604 4087 686 4138 Caroi.
699 4089 809 4150 iether..
824 4095 847 4140 li
861 4090 908 4140 cai.
919 4103 978 4141 nov.
991 4095 1060 4142 ltili.

333 4169 369 4232 (ὁ)
381 4170 458 4233 ibid.;
471 4173 507 4223 ci.
523 4173 640 4232 lienosi..
652 4160 729 4237 psit.
