2912 5066
703 468 914 548 ..noh-

297 631 466 696 liberallum
490 635 598 693 artium
617 633 760 708 bipertito
784 633 951 707 explicetur
976 629 1079 708 (quod
1099 631 1172 690 mihi
1195 632 1317 708 quidem

296 734 384 794 valde
402 735 577 812 probatur),
596 736 657 794 sive
672 739 742 809 post
756 735 857 794 oxonia
869 733 1104 792 demonstrativa
1120 734 1208 791 Rami
1224 748 1319 808 opera

295 850 362 909 quae
383 841 558 911 supersunt,
582 837 613 895 in
634 849 728 894 unum
748 849 859 909 corpus
884 834 994 892 scholae
1017 835 1048 892 in
1071 834 1214 894 liberales
1240 841 1318 894 artes

295 936 478 1010 redigantur.

334 1057 374 1114 Ut
388 1070 461 1115 vero
476 1057 651 1116 Nancclium
660 1070 783 1131 quoque
798 1060 907 1114 testem
922 1055 1118 1126 adducamus,
1128 1069 1221 1130 quem
1232 1055 1316 1113 llami
1399 1095 1403 1112 .

294 1156 487 1217 bibliothecae
503 1157 766 1230 administrandae,
791 1156 995 1231 operibusque
1018 1155 1145 1214 edendis
1160 1155 1313 1230 praeiuissc

294 1259 387 1333 ipsius
401 1260 573 1319 testimonio
587 1264 718 1330 constat,
737 1259 802 1317 haec
815 1259 866 1316 illc
881 1259 920 1317 de
932 1272 1061 1333 operum
1071 1257 1158 1315 Rami
1170 1257 1313 1316 divisione

293 1359 400 1419 docet:
416 1359 553 1421 «hamus
566 1374 637 1418 vere
646 1361 754 1418 artium
767 1359 939 1418 liberalium
953 1359 1107 1430 magister,
1118 1363 1151 1416 ut
1165 1363 1244 1430 crat,
1258 1355 1314 1415 dici

287 1476 373 1526 nunc
387 1464 493 1538 possit,
503 1463 554 1536 qui
562 1467 678 1535 septem
689 1467 769 1520 artes
778 1460 920 1520 liberales
930 1461 972 1520 ita
983 1461 1119 1531 instituit,
1130 1459 1313 1531 informavit,

293 1565 463 1639 perpolivit.
474 1565 555 1636 Quas
564 1563 686 1637 quidem
699 1563 741 1620 ita
755 1564 906 1622 tractoria
919 1577 951 1621 se
965 1561 1136 1631 asserebat«,
1145 1566 1178 1620 ut
1188 1563 1315 1620 alteram

294 1669 411 1739 partem
432 1661 583 1740 ἐλεγκτικὴν
602 1665 864 1738 reprehensoriam
892 1668 1035 1736 vocaret,
1064 1664 1190 1721 alteram
1213 1669 1314 1722 autem

295 1761 473 1836 ἂποδεικτικὴν
507 1767 784 1826 demonstrativam.
814 1767 900 1824 illius
933 1767 1053 1838 generis
1088 1771 1157 1824 sunt
1185 1767 1314 1824 Brutine

293 1868 491 1940 mustiones,
506 1867 786 1927 Animadversiones
799 1868 830 1925 in
845 1867 1058 1937 Aristotelem,
1075 1867 1192 1925 Schoiae
1210 1881 1313 1938 gram-

293 1970 427 2040 maticae,
441 1969 620 2042 rhetorica,
634 1969 759 2042 logicae,
775 1969 923 2043 physicae,
946 1969 1179 2043 metaphysica,
1194 1969 1313 2026 mathe-

292 2067 426 2140 maticae,
449 2068 559 2142 quihus
583 2069 657 2144 quid
681 2070 711 2127 in
734 2084 855 2143 quaque
881 2073 945 2127 arte
968 2067 1174 2142 improbaret,
1190 2068 1264 2141 quid
1283 2069 1312 2126 in

292 2169 442 2244 primariis
470 2171 577 2230 artium
611 2170 785 2229 auctoribus
810 2171 965 2245 culparet,
992 2169 1103 2228 diserte
1127 2175 1158 2226 et
1180 2169 1315 2227 oratorio

292 2282 378 2326 more
393 2268 565 2328 declaravit.
586 2270 679 2341 Hujus
693 2273 793 2327 autem
808 2269 984 2343 posterioris
997 2269 1118 2340 generis
1132 2268 1312 2343 apodictici,

291 2376 360 2429 sunt
374 2386 479 2430 omues
494 2375 576 2429 artes
596 2385 672 2444 quas
682 2370 855 2429 informavit
868 2375 959 2444 atque
971 2370 1104 2429 instituit
1124 2371 1198 2428 Sunt
1212 2376 1313 2428 autem

288 2479 435 2548 proterea
453 2473 724 2531 commentationes
745 2473 804 2530 illae
827 2487 903 2546 quas
918 2471 1088 2542 nominavi,
1109 2472 1139 2528 in
1161 2471 1313 2530 Ciceronis

292 2575 445 2633 orationes
463 2575 579 2649 aliquot
597 2578 628 2632 ct
645 2575 676 2632 in
691 2574 803 2647 Virgilii
824 2575 966 2632 Bucolica
986 2579 1076 2647 atquc
1098 2573 1307 2644 Georgica...

291 2677 415 2734 Exstant
431 2675 566 2750 ejusdem
580 2675 739 2734 Orationes
756 2675 857 2733 muitae
875 2675 965 2746 longe
978 2675 1224 2746 elegantissima,
1239 2676 1311 2733 item

291 2777 522 2850 Ciceronianus,
536 2783 619 2838 etc.»
641 2779 779 2847 Nancel.,
793 2778 814 2834 1.
830 2793 871 2848 o,
884 2791 916 2850 p¹
933 2776 985 2846 h3,
1001 2777 1048 2835 hh.

302 2929 303 2934 η
329 2891 372 2946 Ex
396 2891 432 2950 iis
452 2906 520 2964 qum
533 2891 679 2949 hactenus
692 2882 773 2949 dicia
786 2895 855 2949 sunt
874 2890 976 2962 colligi
997 2893 1097 2964 potest
1120 2903 1181 2964 quo
1205 2888 1311 2946 ordine

288 2989 477 3066 potissimum
485 2991 571 3047 Rami
586 3005 681 3062 opera
690 2991 877 3065 disponenda
888 3007 952 3049 esse
961 2997 1073 3064 putem.
1085 2991 1214 3059 Scilicet,
1227 2990 1311 3064 quis-

286 3092 354 3165 quis
363 3091 414 3148 illa
428 3091 467 3149 ad
484 3091 576 3166 ipsius
587 3091 718 3149 auctoris
731 3093 909 3150 sententiam
925 3093 955 3150 in
970 3092 1070 3150 lucem
1079 3091 1172 3148 edere
1186 3105 1310 3162 aggres-

287 3207 374 3252 sums
388 3197 450 3263 cst,
468 3208 505 3253 eo
529 3208 630 3251 rerum
645 3192 751 3252 ordine
766 3197 868 3251 utatur
889 3208 1015 3252 necesse
1031 3199 1096 3262 est,
1113 3197 1146 3249 ut
1164 3194 1188 3248 l.
1212 3193 1311 3266 primo

287 3295 357 3354 loco
366 3309 563 3370 quacumque
572 3296 611 3353 ad
619 3293 849 3354 Grammaticanr
858 3300 953 3353 artem
963 3298 1101 3368 spectant
1110 3294 1310 3362 collocentur,

288 3395 523 3458 demonstrativa
557 3397 708 3472 primum,
743 3395 854 3454 deinde
887 3395 1137 3469 reprehensoria,
1172 3394 1308 3452 scilicet:

289 3495 318 3551 1ο
332 3496 513 3555 Rudimenta
534 3496 742 3554 Grammatico
755 3496 854 3553 latinae
869 3501 900 3552 et
919 3508 1041 3566 graeca,
1057 3498 1088 3550 et
1108 3491 1310 3551 Grammatico

288 3597 414 3670 triplex,
428 3611 546 3668 greca,
560 3597 670 3668 latina,
685 3597 813 3669 gallica3
830 3598 859 3654 2⁰
874 3596 990 3654 Schola
1003 3594 1214 3666 grammaticae.

328 3721 368 3776 ll.
395 3721 599 3792 Quaecumque
614 3720 652 3776 ad
671 3720 864 3778 Rhetoricam
885 3725 980 3778 artem
1005 3719 1176 3792 pertinent,
1201 3731 1311 3790 ncmpc

291 3825 318 3879 1ο
341 3820 415 3880 dud
438 3818 529 3878 'l'alaei
553 3819 714 3877 Rhetorica
731 3826 761 3878 ct
784 3821 870 3878 Rami
896 3821 1131 3890 Ciceronianus3
1149 3820 1178 3876 2⁰
1193 3818 1310 3876 Schola

220 3934 227 3947 ·
289 3924 447 3983 rhetoricae

300 4110 308 4123 ⁸
326 4037 385 4107 ill.¹
405 4047 574 4108 Dialecticae
589 4048 756 4120 praecepta,
773 4044 968 4115 exercitatio,
988 4060 1059 4102 usus
1075 4048 1107 4102 ct
1121 4043 1310 4102 animadver-

288 4141 388 4210 siones
408 4150 438 4206 in
456 4147 663 4217 Aristotelem,
686 4161 741 4204 seu
760 4146 870 4205 scholae
895 4146 1081 4204 dialecticae:
1098 4160 1165 4218 quae
1180 4145 1310 4201 maxima

289 4265 360 4323 pars
375 4256 418 4308 cst
432 4251 518 4308 Romi
533 4263 681 4322 operum:
706 4253 732 4305 l⁰
748 4249 915 4307 Dialecticae
940 4247 1119 4305 Partitiones
1133 4251 1164 4305 et
1184 4247 1310 4304 Institu-

290 4350 403 4418 tiones,
413 4351 443 4406 la
457 4347 652 4423 disiectique,
668 4350 837 4408 Dialecticae
850 4349 920 4406 libri
930 4348 1009 4418 duo;
1021 4354 1082 4405 turn
1099 4347 1310 4405 Praelectiones
