2916 5062
545 419 737 496 ..212

122 587 219 659 tione
243 587 498 674 assentiuntur,
526 587 716 658 dialecticae
743 587 913 678 legitimas
943 607 1018 660 esse
1039 595 1156 682 parles

124 705 363 775 inventionem
382 714 417 774 et
430 704 620 796 judicium,
640 714 747 796 atque
763 705 829 776 hac
844 706 887 776 de
912 727 949 776 re
966 708 1157 778 sententias·
1176 751 1179 761 ·

125 845 210 894 suas
226 823 455 916 perscribunt.
476 823 604 893 Verum
621 843 701 894 cum
720 816 849 894 Remus
870 834 1008 916 urgeret
1025 823 1158 896 Aristo·

124 943 235 1013 teleos
259 968 267 1010 ε
290 941 395 1033 igitur
417 963 438 1012 a
462 963 500 1012 se
524 941 646 1012 merito
664 941 868 1034 ‘reprehendi
892 943 986 1034 quod
1011 944 1153 1036 propria

123 1059 312 1154 partitione
347 1061 580 1154 praetermissa
616 1068 724 1133 totam
754 1060 969 1133 dialecticam
1004 1061 1156 1133 tenebris

121 1181 337 1266 obruerent,
363 1179 473 1250 tribus
486 1173 662 1270 judicibus
679 1173 835 1272 ampliari
864 1201 1005 1250 causam
1022 1177 1152 1272 placuit

122 1303 160 1368 et
174 1297 211 1366 in
226 1290 332 1368 alium
344 1291 435 1368 diem
454 1289 568 1387 rejici,
588 1295 669 1386 quia
686 1293 751 1366 ista
767 1297 825 1366 via
843 1289 1038 1368 Aristotelei
1050 1317 1151 1389 supe*-

123 1411 236 1483 riores
253 1435 329 1484 esse
345 1429 414 1483 nou
428 1420 580 1506 possent.
596 1405 660 1481 Hie
673 1405 838 1482 audiendi
857 1411 955 1482 llami
971 1411 1050 1482 linis
1062 1413 1147 1501 luit;

123 1530 292 1622 deinceps
322 1531 413 1600 enim
448 1529 641 1600 Aristotelei
676 1527 813 1618 judices
840 1537 1006 1618 aestuare,
1043 1531 1152 1602 rixari

124 1643 215 1717 inter
232 1669 272 1717 se
286 1656 320 1717 et
333 1647 476 1738 jurgare
492 1647 588 1738 quod
602 1668 639 1716 se
656 1667 717 1739 per
732 1646 998 1738 imprudentiam
1019 1648 1152 1718 demer-¹

124 1758 271 1854 sissent,
285 1765 576 1836 undeincolumes
586 1786 762 1856 emergere
778 1786 848 1834 non
864 1774 1016 1857 possent.
1030 1766 1151 1858 ltaque

125 1907 168 1955 ne
189 1906 262 1954 non
279 1883 501 1955 damnaretur
515 1881 662 1972 llamus,
682 1903 812 1953 novum
829 1883 1011 1954 consilium
1029 1885 1147 1971 initur,

125 2014 165 2072 ut
181 2003 228 2072 ab
245 2002 339 2072 initio
358 2012 429 2074 tota
442 2001 630 2096 disputatio
651 2010 864 2072 retexeretur
880 2008 913 2072 et
930 1999 1045 2074 adhuc
1057 2003 1148 2094 inju-

126 2121 242 2192 dicata
265 2121 468 2208 duceretur,
495 2141 630 2214 proque
653 2117 759 2190 nihilo
779 2114 976 2191 haberetur.
1006 2117 1045 2193 ld
1065 2137 1150 2194 vero

124 2243 255 2311 Ramus
283 2259 320 2310 se
351 2237 520 2311 facturum
553 2232 776 2332 pernegavit,
806 2240 982 2332 coepitque
1008 2235 1154 2311 liberius

5 2365 7 2398 ³
122 2353 318 2447 conqueri,
335 2351 389 2427 his
405 2375 442 2428 se
459 2356 636 2448 judicibus
651 2375 726 2446 esse
742 2356 904 2427 traditum
924 2355 1052 2450 quibus
1067 2359 1152 2428 satis

5 2521 7 2542 .
124 2495 195 2544 non
213 2478 304 2543 esset
319 2475 393 2562 ejus
415 2474 617 2544 sententiam
632 2477 701 2543 tam
717 2491 814 2543 coeca
828 2473 1016 2565 cupiditate
1031 2495 1145 2565 oppu-

122 2614 256 2683 gnare,
275 2592 339 2662 nisi
356 2592 422 2685 ipsi
447 2613 588 2684 quoque
606 2614 725 2674 suam,
753 2590 881 2661 dictam
897 2590 1089 2683 praesertim
1114 2601 1150 2660 et

121 2710 365 2801 obsignatam,
385 2711 479 2780 nullo
496 2708 736 2779 inconstantiae
750 2706 885 2800 pudore
899 2706 1145 2777 rescinderent.

122 2831 239 2914 Quare
253 2837 326 2898 tum
341 2821 504 2899 Ramusa
519 2827 630 2898 tribus
645 2826 710 2896 illis
724 2819 948 2896 accusatoriis
955 2825 1152 2916 judicibus,

121 2967 206 3014 cum
223 2964 286 3013 eos
303 2963 417 3033 neque
433 2965 496 3014 sua
514 2940 781 3032 conquestione,
801 2961 915 3031 neque
936 2939 1151 3031 reliquorum·

118 3057 293 3152 judicium
311 3059 545 3131 admonitione
574 3059 618 3129 de
640 3065 735 3128 tanta
753 3057 916 3127 violentia
938 3056 1146 3144 deduceret,

123 3179 324 3272 appellavit.
347 3181 559 3250 Postremum
581 3176 687 3268 igitur
706 3176 791 3247 illud
808 3176 893 3248 fuit:
914 3183 1009 3245 tanta
1026 3182 1147 3246 auctos

124 3295 209 3365 ritas
222 3305 343 3365 contra
359 3297 505 3366 Remum
522 3294 737 3386 impetratur,
758 3297 796 3362 ut
812 3291 925 3362 tribus
936 3287 1148 3358 Aristoteleis

121 3413 302 3503 judicibus
318 3409 449 3484 infinita
474 3420 642 3505 potestate
665 3411 740 3481 sine
756 3409 907 3496 auxilio,
927 3407 1001 3478 sine
1017 3427 1146 3499 provo·

125 3533 264 3602 catione
281 3532 452 3623 judicium
476 3531 520 3601 de
541 3529 766 3600 Aristotelicis
790 3526 1150 3598 animadversionibus

125 3650 383 3743 permitteretur
398 3674 406 3715 :
421 3659 492 3720 tam
509 3641 614 3719 variis
628 3648 757 3718 scilicet
772 3639 960 3732 machinis,
980 3653 1049 3714 tam
1062 3645 1149 3714 mul·

125 3772 169 3840 tis
198 3769 326 3861 copiis,
352 3777 403 3839 tot
423 3768 650 3862 potestatibus
670 3765 716 3837 ad
744 3763 995 3835 confutandum
1018 3763 1147 3834 dialec-

126 3885 205 3954 ticae
234 3882 477 3974 disputationis
502 3889 743 3972 argumentum
767 3900 855 3971 opus
880 3878 944 3947 fuit
969 3875 1034 3971 (l).
1059 3875 1145 3960 Vix,

125 4005 172 4073 ita
191 4023 248 4071 me
266 4003 357 4071 Deus
376 4009 486 4088 amet,

159 4252 195 4315 (1)
212 4253 263 4302 lloc
275 4255 326 4316 ipse
339 4252 512 4315 carpentarius
525 4252 557 4312 tl.
567 4265 599 4310 c.‚
610 4251 651 4304 lol.
667 4259 689 4304 tt
703 4257 728 4303 et
739 4255 766 4302 12
778 4252 848 4310 rect.)
859 4246 964 4298 latetur:
979 4245 1063 4296 «Ecce
1072 4257 1147 4304 vcro,
