2912 5066
673 389 892 470 -lo'd-

272 563 340 650 lnr,
359 571 482 633 utnon
500 561 616 654 potius
630 557 875 652 grammaticus
888 565 923 627 et
938 555 1131 628 rhetoricus
1147 563 1182 626 et
1195 553 1298 625 arith-

272 681 416 753 meticus
441 691 476 754 et
494 680 706 772 reliquarum
725 675 851 748 artium
866 682 902 745 et
919 676 1121 744 facultatum
1140 673 1301 744 homines

273 797 541 884 ratiocinentur,
568 817 673 888 qnam
698 793 899 866 dialecticus
925 793 1195 884 grammaticus,
1219 791 1302 862 dia·

273 916 414 987 lecticus
434 915 564 1002 rhetor,
586 913 788 984 dialecticus
812 909 1068 996 arithmeticus,
1096 908 1306 980 dialecticus

274 1039 461 1124 geometra.
479 1033 523 1102 Et
537 1050 738 1126 quanquam
752 1028 966 1120 reliquarum
979 1026 1104 1096 artium
1122 1031 1306 1118 praecepta

275 1148 503 1222 adialectiore
525 1148 709 1242 praeceptis
724 1154 942 1239 separentur,
966 1165 1051 1216 usus
1074 1151 1190 1214 tamen
1212 1141 1305 1212 alia·-

275 1289 354 1340 rum
373 1270 500 1338 artium
524 1265 715 1338 dialecticae
737 1285 806 1334 usu
827 1281 947 1333 carere
970 1277 1042 1332 non
1064 1268 1177 1354 potest
1196 1256 1263 1354 (l).
1283 1280 1303 1327 n

326 1384 395 1457 Sed
413 1371 482 1456 lroc
500 1383 716 1477 potissimum
732 1382 768 1452 in
782 1380 881 1452 llami
893 1380 1075 1452 dialectica
1089 1377 1306 1450 laudandum

281 1501 365 1574 mihi
389 1502 542 1590 videtur,
570 1500 667 1593 quod
684 1499 730 1570 de
753 1498 878 1590 logicae
901 1498 975 1568 tum
1000 1495 1203 1584 artificialis,
1231 1503 1307 1565 tum

283 1621 453 1692 naturalis
468 1619 690 1691 distinctione
712 1626 747 1688 et
770 1616 904 1707 origine
923 1615 1054 1709 primus
1078 1615 1166 1684 inter
1183 1627 1308 1684 recen-

283 1741 388 1810 tiores
412 1737 586 1809 disseruit.
614 1737 702 1808 Dum
731 1735 845 1823 enim,
874 1741 912 1803 ut
937 1734 1030 1804 illam
1052 1731 1245 1804 Aristotelis
1270 1730 1309 1802 in

283 1855 472 1927 Academia
489 1853 671 1926 Parisiensi
686 1853 892 1924 dictaturam
911 1854 1098 1944 frangeret,
1116 1852 1160 1923 dc
1182 1849 1309 1943 logicae

286 1971 429 2042 historia
458 1970 630 2042 curiosius
658 1969 946 2061 investigaretur,
980 1970 1134 2062 artisque
1159 1969 1310 2062 primum

289 2089 480 2162 dialecticae
499 2098 661 2162 auctores
681 2086 875 2177 Zenonem,-
894 2087 1090 2175 Socratem,
1113 2089 1309 2176 Platonem,

290 2206 448 2300 aliosque
469 2208 657 2301 permultos
681 2215 762 2276 ante
780 2203 999 2278 Aristotelem
1021 2206 1127 2277 luisse
1147 2206 1311 2276 demons-

291 2332 415 2411 traret,
440 2339 512 2416 quo
535 2325 720 2419 Stagyritae
741 2323 854 2414 logica
874 2322 1015 2394 ambitio
1033 2320 1087 2418 (2)
1107 2331 1177 2393 tam
1198 2323 1314 2394 multis

292 2441 496 2514 testimoniis
512 2443 691 2514 manifeste
710 2442 971 2513 convinceretur
989 2439 1062 2536 (3);
1082 2449 1240 2512 naturam
1259 2442 1313 2534 ip·

292 2551 366 2630 sam
382 2560 567 2632 artificiose
579 2559 770 2631 disserendi
786 2559 986 2650 magistram
1000 2581 1075 2629 esse
1088 2558 1207 2629 docuit
1228 2585 1235 2628 :
1256 2559 1316 2628 ho·

295 2676 423 2748 minem
438 2700 581 2771 nempe,
597 2677 724 2748 animal
743 2676 916 2766 logicum,
934 2675 1040 2746 idest
1059 2676 1240 2765 rationale,
1261 2683 1314 2746 to-

298 2794 362 2864 ties
397 2795 578 2866 dialectico
602 2817 745 2866 munere
767 2795 887 2885 fungi,
915 2795 1052 2884 quotics
1074 2793 1206 2864 ratione
1241 2793 1316 2884 ipsa

299 2907 418 2977 utitur.
450 2933 468 2974 u
490 2911 593 2992 Haec,
618 2910 753 3000 inquit,
781 2911 896 3000 logica
917 2910 1083 2982 naturalis
1103 2918 1155 2981 est
1172 2910 1317 2979 facultas

299 3025 415 3098 omnia
442 3025 664 3120 disputandi,
690 3025 924 3116 intelligendi,
950 3038 989 3100 ut
1008 3029 1105 3101 visus
1126 3037 1160 3099 et
1182 3026 1317 3098 auditus

299 3140 447 3212 facultas
463 3146 515 3213 est
535 3142 702 3212 naturalis
723 3141 887 3232 videndi,
909 3145 1088 3217 audiendi.
1107 3142 1214 3235 Atqui
1231 3143 1317 3214 hanc

303 3263 493 3332 naturalem
514 3261 684 3352 logicam,
709 3259 891 3333 Aristotele
915 3263 1083 3356 imprimis
1106 3271 1211 3353 teste,
1237 3283 1316 3333 auo·

334 3541 371 3614 (r)
387 3543 471 3601 schol.
486 3545 556 3604 dlal..
570 3554 589 3602 1.
601 3544 622 3603 ll
631 3591 638 3615 ,
648 3567 672 3603 c.
686 3559 707 3603 ιε
721 3553 863 3606 Gassendus
874 3554 923 3616 (lle
936 3555 986 3618 rog.
997 3553 1060 3616 line,
1075 3537 1098 3606 c.
1110 3559 1124 3606 6
1135 3553 1251 3615 subdo.)
1263 3566 1319 3618 pre·

303 3633 362 3696 clplt
375 3649 388 3678 α
400 3637 570 3696 utpostuuam
580 3640 699 3699 praecepta
710 3636 742 3686 ad
757 3636 821 3687 hene
831 3637 991 3700 cogitandum
1002 3641 1059 3701 quta
1071 3639 1194 3700 tenuent,
1206 3637 1239 3687 ad
1249 3639 1320 3687 scieu-

305 3714 475 3774 transmeent,
485 3717 511 3762 ln
523 3708 615 3776 qulbus
628 3715 672 3766 llla
685 3719 750 3766 clrca
761 3729 800 3768 res
809 3720 875 3782 lpsns
886 3719 1007 3769 deducere
1021 3718 1052 3768 ad
1063 3718 1240 3777 ummraleat,
1251 3721 1316 3766 etc»

338 3799 373 3859 (2)
390 3797 557 3848 llld.lllencl1.
570 3797 695 3861 sophletic.
706 3803 897 3864 perorationem,
910 3804 937 3851 ln
949 3815 999 3864 qua
1008 3815 1035 3852 ne
1045 3802 1202 3864 syllogistice
1213 3803 1272 3852 urtls
1282 3803 1320 3850 in-

306 3886 451 3942 ventorem,
462 3883 513 3931 lmc
523 3880 684 3945 perfectorem
692 3881 835 3933 Aristoteles
846 3887 935 3935 merito
942 3885 1079 3948 prometur.

338 3967 373 4030 (3)
389 3966 471 4017 schol.
483 3965 554 4028 dlal.‚
568 3965 611 4016 lllr.
630 3965 670 4028 11,
682 3979 705 4016 c.
725 3970 734 4015 1
756 3969 781 4016 et
795 3966 829 4016 ul.
847 3967 914 4030 Quas
927 3972 1013 4019 nutem
1024 3971 1051 4018 in
1062 3969 1146 4030 loglcoe
1156 3967 1259 4018 historia
1273 3966 1320 4016 dis-

306 4051 452 4111 uulslttunes
461 4051 492 4100 ad
500 4051 676 4101 Prometheum
687 4062 766 4112 usque
775 4049 868 4101 Romus
876 4051 979 4103 Platone
989 4052 1053 4102 duce
1064 4053 1221 4112 instltuemt,
1230 4049 1320 4100 eosdem

308 4131 451 4182 Gassendus
467 4133 519 4192 (lle
532 4134 581 4196 lcg.
596 4135 671 4196 orig.)
685 4138 709 4186 et
721 4133 860 4184 Bruclerus
872 4134 951 4194 (illst.
963 4137 1019 4184 crit.
1032 4134 1106 4198 phile,
1118 4134 1175 4184 Per.
1184 4133 1195 4184 l
1204 4133 1212 4196 l
1222 4131 1320 4182 velante

308 4213 627 4267 diluviumconlinuarunt.
