2916 5062
608 409 799 479 -el-

186 571 363 664 tionibus,
381 569 554 641 discerent
564 569 595 660 (l
605 570 630 658 ).
649 569 764 644 blissae
777 577 892 643 autem
906 569 1019 640 rarius
1029 569 1211 657 interesse,

184 690 432 779 neminemque
452 686 499 758 ad
523 686 561 757 id
578 707 726 778 cogere,
755 696 793 758 ut
808 686 913 776 olim;
934 685 1005 757 imo
1029 687 1073 757 iis
1096 689 1214 759 favere

184 809 322 902 potius,
347 806 409 899 qai
426 804 638 876 abstinerent
657 804 728 900 (2).
747 806 983 898 Interrogatus
1003 826 1044 878 ea
1063 807 1106 878 de
1132 829 1169 876 re
1193 829 1213 877 a

186 928 265 997 viro
283 923 509 1028 gravissime,
539 933 678 995 strenae
700 915 905 1018 respondit:
933 926 1075 996 «litote
1098 933 1214 996 vetere

188 1065 353 1137 nouoque
366 1043 881 1135 Testamentonibilquidquam
898 1043 1011 1134 magis
1027 1065 1048 1114 a
1064 1043 1214 1114 novissi·

186 1164 255 1236 mis
280 1161 475 1234 christianis
497 1161 725 1254 depravatum
742 1170 776 1233 et
799 1170 1000 1255 corruptum
1014 1183 1213 1254 essequam

187 1282 379 1354 secundum
392 1279 592 1351 mandatnm
605 1279 692 1371 legis
703 1281 756 1373 (3)
773 1289 807 1350 et
819 1301 931 1351 coenae
943 1289 1209 1365 sacramentum,

190 1411 229 1472 ut
242 1401 347 1471 homo
361 1400 396 1468 in
412 1408 561 1490 utroque
578 1419 641 1490 per
654 1397 805 1490 speeiem
818 1398 995 1489 religionis
1011 1399 1044 1468 in
1064 1420 1210 1470 execra-

189 1519 293 1591 bilem
307 1517 537 1589 idololatriam
551 1517 726 1587 laberetur
745 1515 812 1607 (i).
828 1542 846 1585 u

237 1637 310 1706 Hae
326 1635 429 1727 igitur
444 1642 577 1720 mente,
595 1633 764 1723 imagines
780 1633 880 1704 altari
898 1633 1160 1726 circumpositas
1177 1633 1212 1702 in

188 1754 319 1826 Praellei
331 1753 466 1844 collegii
479 1754 605 1824 sacello
620 1750 749 1844 deponi
761 1761 796 1822 et
812 1751 931 1824 subter
948 1774 1028 1824 aras
1047 1754 1213 1823 occultari

189 1872 376 1966 permisit:
405 1891 486 1963 qnae
514 1869 598 1942 dnm
628 1871 707 1940 loco
727 1869 859 1940 moveri
888 1878 1089 1962 coeperunt,
1123 1871 1212 1940 iorte

189 1990 315 2084 partim
337 1989 501 2082 dilapsae,
529 1988 655 2082 partim
681 2009 702 2058 a
727 1987 925 2080 discipulis,
952 2010 1030 2058 cum
1053 1990 1211 2081 plerique

188 2118 302 2180 essent
313 2119 346 2180 et
359 2129 457 2180 sacra
474 2127 617 2180 romana
633 2115 668 2178 et
680 2106 847 2198 imagines
860 2107 993 2200 perosi,
1008 2107 1212 2178 insolentius

189 2226 402 2314 deturbate,
431 2228 551 2298 fracte
577 2234 656 2295 sunt
683 2227 750 2316 (5).
782 2225 837 2296 Ex
862 2245 934 2316 quo
960 2225 1099 2295 Remus·
1116 2227 1212 2318 apud

189 2364 310 2414 omnes
331 2353 372 2414 ut
394 2344 602 2416 iconoclastae
627 2340 819 2430 diffamari,
845 2341 891 2411 ab
909 2342 1118 2413 adversariis
1139 2351 1210 2413 tra·

189 2461 270 2532 duci
284 2471 318 2533 et
332 2461 525 2532 insimulari
542 2461 660 2553 coepit.
680 2461 978 2531 Hancille‘naotus
991 2461 1211 2532 occasionem

222 2757 256 2821 (ι)
271 2755 382 2818 Theoph.
395 2755 496 2812 Bonos„
511 2755 529 2804 l.
550 2768 583 2812 a,
593 2767 618 2816 p.
636 2756 676 2802 al.
686 2752 722 2802 Gi.
744 2752 803 2803 Ant.
821 2752 934 2812 Telesia,
947 2741 1035 2815 aroges
1048 2752 1092 2802 des
1107 2752 1212 2814 lasau„

189 2837 258 2898 ull,
274 2841 320 2887 art.
340 2836 451 2888 Romus.

222 2923 255 2982 (2)
272 2921 384 2983 ΝιιιιιΙ.,
392 2924 453 2983 pii
461 2936 489 2966 ιι
500 2920 627 2972 Postremo
637 2919 822 2981 Pessimaque
831 2918 898 2981 apud
909 2918 983 2970 illum
992 2919 1107 2970 versabar
1118 2920 1213 2985 (1562),,

189 3017 247 3054 cum
259 3005 348 3054 domna
358 3017 434 3066 quam
444 3004 558 3067 plurimis
568 3007 592 3052 et
607 3002 735 3064 discipulis
748 3007 773 3052 ei
786 3005 912 3062 magistris
926 3003 1076 3062 abundaret,
1089 3017 1214 3056 namesa-

189 3089 238 3138 oris
258 3095 303 3139 aui
321 3089 491 3138 communioni
506 3085 597 3140 adluit.
614 3089 706 3149 preter
726 3087 809 3148 ipsum
827 3085 935 3135 Remum
952 3091 977 3136 et
999 3087 1052 3136 iac.
1072 3087 1213 3150 GopyInm,

190 3169 285 3228 regium
297 3167 386 3218 medic.
400 3167 515 3230 profess,
529 3168 572 3228 qui
591 3177 620 3216 eo
639 3165 699 3214 lorta
718 3168 884 3225 convenerat,
905 3169 930 3214 ai
947 3177 989 3214 me
1007 3166 1110 3216 tatium
1131 3167 1212 3229 ejusd.

191 3263 283 3300 manse
292 3251 453 3299 convivam.»

221 3334 255 3399 (3)
273 3333 349 3383 nilon
366 3333 438 3383 iacies
451 3332 496 3382 iibi
510 3331 639 3395 sculptile,
657 3343 737 3392 neque
752 3341 854 3380 omnem
869 3329 1125 3392 similitudinemque
1136 3334 1174 3380 est
1186 3334 1213 3381 ia

190 3417 252 3467 celo
264 3416 378 3479 desuper,
388 3420 414 3466 et
426 3427 481 3478 qne
492 3419 594 3466 interra
605 3415 735 3475 deorsam,
747 3425 793 3462 nec
803 3425 889 3463 eorum
901 3425 955 3476 que
966 3416 1026 3462 sunt
1039 3414 1065 3462 in
1078 3415 1150 3476 aquis
1165 3415 1215 3464 sub

190 3505 265 3552 torm.
274 3500 328 3550 Non
335 3499 449 3550 adorabis
458 3509 592 3560 ea‚neqne
601 3497 684 3557 coles,
695 3501 743 3546 etc.
755 3512 767 3539 ι
777 3495 831 3551 Ex..
842 3507 864 3544 c.
877 3497 925 3556 20,
935 3493 973 3557 Sl
986 3507 1041 3557 sqq.

221 3581 256 3644 (i)
273 3581 376 3643 Barros,
388 3594 413 3645 p.
430 3585 471 3632 ιι.
490 3579 548 3630 liae
557 3591 648 3642 nempe
660 3577 710 3628 deo
720 3579 856 3641 presertim
867 3579 894 3626 ln
905 3576 1028 3627 catholica
1041 3577 1160 3639 religiano
1171 3591 1214 3630 re-

189 3663 289 3716 lermatt
300 3663 521 3730 reprehendebant
533 3662 587 3712 vid.
603 3660 671 3724 apori
686 3661 822 3712 ilenricnm
837 3659 992 3724 stephanum
1006 3661 1160 3720 (introduct.
1179 3675 1214 3712 an

190 3747 263 3798 truite
272 3748 305 3798 da
314 3748 339 3798 la
349 3747 469 3798 conlorm.
482 3747 526 3798 dea
536 3759 617 3797 meru.
627 3758 684 3796 ano.
694 3757 754 3796 auae
765 3745 802 3795 les
810 3745 890 3805 mod..
903 3749 964 3805 ate„
973 3743 1149 3810 titularibus
1156 3757 1220 3796 con..

189 3831 515 3882 viciisadversusliomanos
526 3833 562 3880 ati
572 3829 693 3888 solerent,
700 3828 941 3892 quotiescumque,
949 3831 1000 3879 imo
1007 3830 1212 3890 tbeoctcmmx.

189 3926 227 3975 gr.
239 3915 409 3980 appellarent:
422 3934 434 3960 ι
447 3915 515 3966 Noas
529 3925 608 3964 avons
623 3917 680 3962 tous
690 3913 804 3973 lesionis
813 3915 934 3962 certamus
947 3912 1077 3963 nouvelles
1088 3911 1131 3962 des
1139 3912 1215 3964 theu-

190 3998 282 4061 pbagae
293 4003 318 4050 at
330 3999 388 4062 (qni
399 4000 437 4062 pis
445 3998 496 4056 ιιι)
509 3999 552 4048 (les
565 3994 737 4048 theoebaaes.»
749 3995 821 4046 itia.
829 4031 836 4052 ‚
845 3996 872 4044 in
885 3993 980 4058 preiat.

222 4081 259 4144 (5)
274 4082 391 4142 laneat,
402 4094 428 4144 p.
443 4085 482 4132 ii.
500 4079 536 4130 Gi.
549 4080 654 4140 Barros,
670 4092 696 4142 p.
714 4079 760 4136 ιιι
771 4078 808 4127 bn
823 4076 926 4137 boulay,
941 4075 1017 4136 tvl,
1034 4078 1133 4138 p.'ilu;
1146 4077 1214 4126 Feli·

191 4165 275 4224 blan..
290 4165 353 4215 illst.
372 4166 403 4214 da
413 4165 438 4215 la
448 4164 508 4214 villa
519 4163 550 4214 de
562 4163 646 4226 Paris,
659 4167 679 4212 t.
694 4160 728 4220 il,
744 4161 761 4211 i.
774 4159 842 4220 xxi,
856 4173 880 4222 p.
899 4161 974 4218 10843
991 4159 1016 4208 P.
1034 4158 1134 4219 Daniel,
1149 4159 1214 4212 llisi.

192 4249 222 4298 de
232 4237 290 4308 Fr„
301 4251 320 4298 t.
335 4247 368 4308 i,
379 4260 405 4310 p.
418 4249 476 4309 itt,
486 4246 518 4298 ad
529 4259 588 4296 aun.
600 4248 669 4296 itui.
