2916 5062
709 373 900 444 ..36..

298 557 338 608 ea
355 534 1042 628 6661666416660166666166666116666
1061 531 1155 602 4546
1173 531 1238 626 (4).
1255 533 1323 604 Sed

298 677 444 748 quuma
466 653 703 748 philosophice
730 653 944 746 professione
966 653 1052 743 regii
1071 651 1200 722 decreti
1216 673 1322 722 causa

297 775 501 862 abstineret,
519 774 566 844 ita
584 771 766 866 profitendi
779 795 906 844 munus
925 795 1005 843 cum
1020 772 1135 842 Talteo
1145 771 1256 862 fratre
1273 773 1324 843 di-

294 888 398 975 visit,
416 898 454 957 ut
469 887 714 981 pomeridianis
727 886 907 980 horisipse
919 885 1172 978 eloquentiam,
1189 885 1324 955 Telaeus

296 1007 472 1077 matutinis
508 1006 602 1076 horis
635 1004 890 1099 philosophiam
923 1005 1093 1090 doceret;
1136 1002 1326 1093 omniaque

296 1123 424 1196 deiude
448 1133 632 1196 consecuta
657 1133 812 1215 tempora
837 1123 871 1193 iu
900 1124 958 1193 illo
981 1122 1096 1193 studio
1117 1121 1256 1213 posuit,
1289 1133 1325 1192 ct

297 1245 331 1314 in
356 1245 486 1336 poetis,
514 1242 731 1330 oratoribus,
751 1243 933 1334 omnisque
956 1241 1092 1333 generis
1121 1225 1323 1312 sectoribus

296 1363 434 1457 publice
441 1362 670 1456 explicandis,
683 1385 784 1433 usum
799 1362 989 1432 dialecticae
1003 1370 1324 1452 quantumcumque

296 1482 472 1553 acerrimis
484 1503 526 1552 ac
539 1482 714 1576 perpetuis
730 1479 857 1570 vigiliis
871 1478 1009 1568 assequi
1031 1477 1169 1570 potuit,
1189 1485 1323 1547 tautum

296 1600 416 1672 docuit
429 1609 463 1669 et
476 1599 726 1670 demonstravit
738 1600 802 1686 (2).

344 1717 407 1786 lllo
429 1726 543 1786 autern
560 1736 653 1786 auno
680 1712 891 1787 1546-1547
909 1714 963 1808 (3)
979 1715 1136 1785 turbatus
1161 1725 1325 1786 vexatus-

297 1853 366 1923 que
387 1840 439 1902 est
462 1832 650 1903 dialecticae
671 1830 825 1928 methodi
845 1853 974 1920 cansa,
1000 1841 1039 1902 ut
1062 1831 1136 1924 ipse
1155 1844 1325 1905 memoret

298 1953 333 2020 iu
352 1954 507 2023 Oratione
523 1976 583 2044 pro
596 1952 814 2044 philosophico
827 1952 1016 2044 disciplina,
1033 1951 1092 2020 ubi
1108 1933 1238 2041 gratias
1251 1954 1324 2044 agit

297 2072 377 2142 6666
399 2095 456 2142 euo
478 2075 596 2164 penio,
626 2070 662 2141 id
680 2080 734 2140 est
752 2069 874 2142 Carolo
891 2071 1102 2160 Lotbaringo
1128 2070 1321 2158 cardinali,

298 2187 358 2278 qui
375 2196 458 2256 tunc
473 2187 592 2258 aderat
616 2187 652 2258 in
671 2198 791 2260 senatu
811 2241 819 2274 ‚
841 2189 971 2279 quique
996 2190 1142 2259 Remum
1163 2189 1221 2259 illo
1246 2189 1324 2281 ipso

299 2328 390 2377 anno
411 2305 504 2376 1546
533 2306 664 2377 auxilio
689 2328 753 2377 suo
774 2306 956 2398 adjuverat
980 2308 1092 2378 donec
1117 2329 1197 2378 eum
1219 2308 1323 2378 mise·

243 2475 245 2480 -
299 2423 360 2494 riis
371 2424 533 2496 omnibus
550 2423 722 2495 liberaret.
743 2425 811 2495 Sed
822 2447 1002 2516 nunquam
1016 2424 1146 2496 invidia
1164 2415 1325 2496 adversa·

298 2537 430 2610 riorum
462 2538 602 2610 omnino
637 2538 773 2626 caruit;
812 2537 881 2632 imo
913 2560 996 2609 vcro
1030 2560 1108 2610 eam
1139 2539 1251 2629 magis
1283 2561 1324 2609 ao

300 2657 410 2746 magis
426 2678 541 2728 acrem
554 2657 589 2727 in
603 2656 676 2727 dies
687 2664 852 2749 expertus
865 2665 941 2743 est,
958 2678 1159 2747 quanquam
1175 2655 1325 2747 speeiem

300 2773 452 2863 aliquam
469 2774 726 2863 tranquillitatis
744 2782 866 2846 nactus
881 2796 973 2848 anuo
994 2773 1108 2863 tell,
1133 2777 1326 2869 postFrau-
1353 2841 1356 2846 .

304 2889 384 2960 oisci
402 2891 416 2959 l
434 2900 579 2962 mortem
595 2891 661 2983 (4).

330 3136 365 3197 (1)
381 3136 435 3186 llld.
453 3135 517 3187 lutra
535 3137 615 3188 Cetnl.
634 3152 675 3203 op.
694 3139 775 3190 llaml·
792 3143 871 3192 Suum
890 3143 1005 3194 vldellcet
1022 3147 1189 3209 propostam,
1211 3145 1250 3196 vel
1273 3152 1328 3209 poet

298 3219 393 3280 reglum
410 3211 537 3280 cellulum,
559 3220 653 3270 Remus
671 3225 777 3274 mlulmc
791 3223 967 3285 dereliqueram
985 3228 1036 3275 imo
1053 3227 1093 3276 vel
1112 3229 1137 3275 ln
1157 3226 1224 3276 Oret.
1241 3226 1327 3277 habite

298 3315 359 3352 uun.
375 3305 432 3353 tell
448 3301 505 3365 (161.
525 3308 553 3353 ta
563 3304 643 3368 rect),
660 3305 806 3368 eloquentie
816 3308 990 3371 septentleque
1001 3310 1085 3359 studia
1094 3309 1267 3372 conjungenda
1283 3323 1327 3361 eo-

298 3385 437 3447 claudaque
446 3399 500 3436 esee
508 3386 605 3450 publice
612 3389 780 3439 asseverabat.

329 3467 364 3528 (a)
382 3467 496 3528 arelao.
508 3483 548 3531 c,
562 3483 587 3534 p.
599 3474 638 3521 111.
649 3472 723 3534 Bayle
731 3472 763 3522 ed
777 3473 1326 3536 66661666611116131666661161661616161,

297 3549 341 3600 eod
356 3551 481 3601 immerito
497 3572 504 3601 e
525 3567 585 3602 nem
604 3559 711 3615 graviter
724 3558 776 3619 lpse
792 3561 898 3615 erravit,
918 3572 999 3620 quum
1018 3559 1127 3609 Remum
1142 3559 1326 3609 6666151666

297 3632 1168 3702 616664611116166116666166366111661611666616666166663616114(
1179 3649 1326 3703 quenquam

298 3714 409 3774 Frelglue
418 3713 495 3774 hujus
505 3718 623 3768 orationle
636 3721 734 3769 nonnisi
744 3724 799 3782 post
808 3724 947 3772 restitutam
958 3722 1037 3772 Romo
1047 3722 1238 3786 philosophandi
1248 3722 1327 3773 llber-

298 3803 375 3849 tetem
386 3801 538 3850 mentionem
550 3798 621 3860 lectt,
630 3803 696 3864 quod
707 3816 766 3852 cum
778 3816 837 3854 vero
844 3809 986 3868 temporum
996 3807 1082 3856 ordlue
1092 3818 1181 3868 perum
1189 3817 1328 3868 congruere

296 3882 425 3944 perspicue
435 3881 673 3946 demonstretlteylc
689 3885 721 3949 (1.
733 3891 828 3946 6.,661.
838 3886 890 3947 lh).

329 3967 363 4026 (a)
381 3963 419 4015 ltu
432 3959 535 4027 Bouley,
548 3965 610 4016 lllet.
626 3969 697 4017 uuir.
710 3968 799 4025 Parte„
811 3970 842 4018 ed
851 3981 911 4018 enu.
928 3973 1024 4029 ttltt,t.
1040 3969 1084 4028 vt,
1095 3982 1121 4032 p.
1131 3973 1190 4020 atat
1202 3989 1214 4014 α
1227 3970 1327 4020 116166-

296 4047 392 4096 torihue
402 4053 487 4114 actum
499 4061 574 4111 eope.
586 4082 593 4098 .
606 4084 613 4100 .
625 4083 634 4122 .
650 4048 681 4100 de
691 4052 767 4099 variis
776 4052 996 4113 conquestionlhus
1007 4054 1182 4115 prlmeriorum
1191 4057 1217 4102 et
1229 4051 1327 4115 proles-

297 4142 396 4190 eorum,
408 4135 543 4194 presertim
553 4134 673 4196 adversm
688 4133 714 4182 P.
728 4133 847 4192 Remum,
861 4135 1015 4185 turbatorem
1027 4135 1122 4197 oollcgll
1138 4135 1263 4186 Prellel.»

328 4211 361 4274 (1)
378 4213 423 4263 Dte
434 4218 460 4265 at
476 4221 550 4265 murt.
566 4213 625 4266 1511
633 4220 747 4264 mortuns
758 4220 795 4266 eet
808 4217 952 4267 Freneteeue
966 4218 989 4278 l,
1001 4231 1043 4268 rex
1065 4217 1195 4271 1116161661
1206 4221 1317 4270 ementis
