2912 5066
725 405 939 476 -lto-

317 573 447 642 thanus
472 569 547 665 (l),
584 567 745 640 Nicolaus
773 563 955 638 Naucelius
984 565 1068 658 (2),
1103 566 1184 636 Ant.
1214 562 1344 652 loque-

323 689 413 760 linus
433 686 488 781 (3)
504 687 602 760 Rami
618 685 812 756 doctrinam
829 683 937 752 secuti
957 693 1062 770 sunt,
1085 683 1189 774 eique
1210 682 1345 750 fuerunt

322 805 421 876 valde
452 803 554 876 amici
585 803 769 887 Quintinus
804 799 946 871 Heduus
979 801 1103 870 doctor
1142 799 1345 883 canonista,

255 987 263 996 .
317 923 470 1000 loannes
498 920 701 1010 Magnienus
726 917 1009 1003 mathematicus,
1041 917 1135 986 Simo
1164 916 1347 1001 Petreius,
1449 981 1450 990 ,

316 1039 391 1110 lac.
414 1038 585 1109 Hollerius
608 1046 642 1108 et
667 1035 798 1118 llassii,
823 1035 947 1106 medici
963 1034 1016 1125 (l)
1035 1061 1044 1121 3
1063 1034 1152 1112 inter
1167 1031 1349 1123 juriscon-

320 1158 430 1228 sultos
455 1154 537 1226 Ant.
569 1156 746 1250 heysellus
770 1161 806 1222 et
832 1152 908 1224 Car.
933 1151 1189 1242 bergeronius,
1218 1167 1349 1218 execu-
1449 1195 1450 1206 ἢ

323 1285 416 1348 tores
433 1272 625 1348 testamenti
642 1272 741 1344 llami
760 1273 836 1360 (5),
859 1269 1034 1357 Amarito,
1053 1277 1158 1358 atque
1177 1268 1213 1336 in
1227 1265 1350 1359 primis

323 1389 518 1484 Stephanus
546 1387 711 1480 Pesquier
746 1384 828 1483 (6);
866 1386 954 1456 inter
981 1385 1162 1476 theologos
1190 1384 1233 1452 D.
1264 1382 1349 1452 Fur·

324 1509 441 1582 nerins
471 1518 505 1580 et
533 1509 683 1580 loannes
707 1506 865 1577 Sabellus
889 1501 976 1600 (7);
1003 1504 1133 1595 aliique
1161 1523 1244 1572 sane
1267 1521 1347 1593 per·

324 1627 421 1704 multi
438 1625 502 1720 (8).
525 1627 636 1715 Reges
657 1625 759 1696 etiam
783 1624 912 1692 Ramus
931 1622 997 1692 sibi
1019 1620 1257 1711 doctrinaeque
1272 1639 1348 1688 suec

324 1743 582 1830 conciliaverat,
599 1741 845 1827 Henricumll,
865 1739 1026 1810 Carolum
1037 1740 1105 1828 lx,
1124 1738 1349 1830 reginamque

324 1869 468 1933 matrem
483 1859 702 1931 Catharinam
715 1857 915 1930 Mediceeam
931 1861 984 1948 (9)
1000 1911 1010 1946 ,
1031 1868 1071 1928 ut
1088 1880 1107 1929 e
1126 1879 1232 1951 supra
1248 1855 1349 1927 dictis

312 1978 407 2062 ¹sutis
431 1988 646 2072 compertum
674 1977 854 2048 hahemus.
882 1975 982 2046 llami
1006 1986 1122 2046 autem
1147 1975 1348 2047 methodum

323 2096 558 2183 dialecticam,
586 2096 614 2166 si
635 2117 704 2166 non
730 2095 764 2164 in
786 2093 989 2184 theologia,
1013 2103 1154 2164 atcerte
1169 2093 1204 2163 in
1226 2092 1348 2162 huma·

324 2215 377 2286 nis
391 2214 496 2286 literis
512 2214 715 2304 artibusque
727 2212 880 2283 maxime
896 2207 1056 2282 foverunt
1069 2211 1213 2283 Carolus
1227 2211 1348 2282 Letha-

323 2332 443 2423 ringus
455 2332 662 2419 eardinalis,
677 2341 777 2401 vetus
789 2329 887 2399 llami
901 2329 1181 2423 condiscipulus,
1198 2330 1347 2400 Ioannes

356 2583 390 2642 (1)
408 2580 463 2630 ilat.
474 2579 561 2630 eodem
572 2590 638 2628 anno
650 2590 699 2640 quo
710 2578 769 2626 hro.
786 2575 905 2638 Ossatus,
918 2582 992 2628 mort.
1002 2591 1062 2628 sno.
1082 2581 1151 2628 tuti.
1162 2577 1217 2628 vid.
1228 2577 1260 2628 G.
1272 2577 1306 2628 il.
1317 2577 1347 2626 dc

323 2662 515 2720 Rechemalllet,
532 2663 576 2712 Vie
585 2663 616 2712 de
627 2661 727 2711 scevola
741 2661 772 2710 de
782 2660 989 2722 Sainteliarthe,
1004 2661 1086 2718 Paris,
1106 2664 1179 2720 tuiti,
1194 2663 1269 2710 in-l⁰.

356 2745 390 2804 (i)
407 2744 487 2804 Quem
497 2747 570 2795 toties
578 2748 668 2794 testem
674 2745 701 2793 in
710 2743 782 2793 Remi
791 2745 843 2792 rita
855 2743 1027 2793 adhibuimus:
1036 2748 1109 2791 uatus
1118 2745 1143 2790 in
1153 2755 1212 2802 agro
1218 2743 1346 2793 Noviodu-

323 2827 394 2872 ocnsl
404 2842 411 2882 t
422 2838 487 2875 nnus
502 2825 654 2875 ednodeclm
668 2824 801 2874 burseriis
810 2825 867 2874 coll·
883 2825 990 2884 Praelle13
1003 2836 1084 2873 «corn
1102 2823 1179 2872 bonas
1191 2824 1275 2874 literas
1285 2837 1346 2888 par·

323 2905 368 2954 tim
380 2905 445 2967 apud
455 2907 561 2956 l‘srlsios
572 2909 598 2955 in
608 2907 807 2968 frequentissima
816 2907 887 2957 Romi
900 2907 998 2966 schole,
1009 2908 1102 2970 partim
1112 2907 1188 2956 busci
1202 2909 1346 2957 constitutis

323 2981 461 3046 al’hlllppo
476 2981 497 3032 ll
513 2995 569 3044 rege
578 2983 707 3044 stipendiis
722 2983 861 3046 docuisset,
872 2986 1001 3036 medicinae
1015 2985 1098 3035 studio
1108 2989 1189 3036 toturn
1199 2997 1226 3035 se
1242 2985 1343 3036 dedit.»

322 3068 398 3116 scer.
410 3065 572 3123 sammarth,
586 3064 666 3125 Elog„
679 3063 696 3113 l.
710 3065 813 3114 V:Nie.
832 3067 1010 3118 dometius·
1020 3086 1032 3114 rr
1043 3068 1081 3118 lie
1098 3082 1214 3132 porcum
1231 3069 1344 3119 Romam

322 3147 436 3198 iuturum
448 3147 542 3198 Remus
551 3149 603 3210 ipse
612 3147 719 3208 jocando
730 3147 867 3200 dictitabat.
881 3167 893 3194 o
907 3151 995 3209 Nune,
1007 3163 1033 3213 p.
1046 3153 1087 3200 ti.
1175 3191 1176 3196 ,

352 3231 386 3296 (t)
403 3233 458 3282 Viri.
468 3231 612 3295 Naucelffl.
622 3233 707 3290 itti.
716 3231 1243 3295 lioonclinusveromandnns,Romeannos
1254 3246 1342 3284 norem

321 3321 428 3378 integros
438 3329 539 3379 operam
549 3315 630 3376 dedit,
641 3316 731 3366 deinde
739 3316 848 3376 anacio.

352 3401 386 3462 (t)
401 3401 514 3458 lienosi..
525 3412 550 3462 p.
567 3401 608 3450 65.
621 3400 729 3450 lenones
744 3398 890 3460 llagnlcnus
904 3399 1094 3452 mathematicus
1110 3403 1211 3454 artesio
1222 3403 1287 3462 regia
1298 3413 1340 3450 cn-

310 3481 541 3543 *thedrnproiessus
554 3486 608 3542 est,
620 3495 680 3532 ann.
694 3483 836 3538 tibitibi.

353 3562 387 3621 (⁵)
404 3561 450 3614 ld„
462 3562 523 3616 ibid.
535 3564 593 3615 Ant.
608 3563 698 3625 boisel,
708 3563 884 3614 celeberrimus
893 3565 914 3624 j.
926 3577 960 3624 c.,
969 3569 1021 3614 nat.
1030 3577 1091 3614 nnn.
1102 3567 1176 3627 1536,
1184 3564 1342 3617 Ramiinerat

319 3642 439 3692 alumnus
450 3643 477 3690 in
488 3642 591 3692 Prelles
600 3643 700 3704 schola,
712 3652 787 3694 mort.
800 3657 862 3694 aon.
877 3650 944 3696 ltili.
958 3645 1004 3696 Viri
1013 3647 1079 3696 inira
1089 3647 1198 3698 Testem.
1215 3647 1298 3698 liaml.

352 3726 385 3786 (6)
402 3724 454 3781 ld..
472 3724 532 3774 ibid.
547 3724 602 3774 vid·
619 3725 714 3776 helices
727 3726 803 3780 ausc
820 3727 952 3790 Pasquler,
968 3729 987 3778 l.
1001 3729 1046 3790 lll,
1060 3742 1090 3792 ep
1117 3734 1209 3790 t‚‚cte.
1228 3731 1341 3792 Pasnnier

321 3815 396 3874 natus
408 3813 529 3860 eratann.
542 3811 611 3858 ltili.

351 3891 386 3957 (i)
403 3888 492 3952 lianc,
502 3889 578 3950 thid,
595 3889 645 3940 rid.
659 3890 689 3940 h.
699 3889 775 3943 Talei
787 3890 895 3942 l‘raelcct.
906 3895 932 3946 in
942 3894 1045 3958 Porph,
1059 3894 1266 3946 Sabellodicatas.

352 3975 386 4040 (8)
402 3975 514 4037 Bricrus,
525 3973 661 4035 Martinus,
672 3972 830 4032 Poetoviuus.
847 3973 991 4036 Gualterns,
1004 3981 1067 4038 eto,
1080 3977 1197 4037 hancei„
1209 3977 1272 4026 ibid.

350 4058 385 4124 (9)
403 4076 415 4104 α
430 4059 475 4111 hee
488 4059 572 4110 lettres
581 4057 681 4120 doivent
690 4067 741 4106 unc
754 4055 906 4120 perpetualia
917 4058 1037 4109 memoirc
1053 4061 1067 4109 a
1081 4064 1146 4110 cette
1156 4060 1225 4110 reinc
1234 4061 1278 4122 qui
1289 4059 1341 4112 leur

319 4154 393 4204 causa
406 4154 442 4190 un
455 4142 533 4204 grand
547 4142 755 4197 adranccmcot.r
770 4139 852 4202 Louys
862 4141 950 4202 Jacob,
959 4139 1101 4202 Traitcdes
1116 4143 1173 4205 plus
1185 4143 1262 4194 bclles
1274 4143 1341 4204 bibl,

319 4236 343 4284 p.
357 4226 410 4270 458.
423 4223 493 4272 lianc
504 4224 658 4284 elegantibus
670 4223 798 4274 versiculis
810 4223 920 4278 laudarit
935 4224 963 4275 Ρ.
976 4224 1089 4284 lionsart.
