2916 5062
549 381 743 450 ...35-

131 542 210 625 Quo
232 555 318 610 vero
341 545 497 630 ternpore
511 539 639 610 hamur
664 539 744 610 illuc
763 542 927 631 accessit,
954 543 1014 634 viu
1039 545 1157 623 credi.

132 658 205 728 bile
224 666 278 728 est
296 663 465 748 quantum
490 677 564 750 prae
585 658 707 728 ceteris
728 659 846 730 schola
867 661 924 730 illa
944 658 1066 731 llorere
1086 681 1159 732 ooe·.

134 777 238 870 perit.
261 800 278 842 o
295 775 369 846 Hoc
387 783 502 846 autem
525 776 637 846 ausim
652 776 717 867 (ait
730 778 936 865 Naucelius,
954 779 1053 850 hami
1070 781 1105 849 in
1119 803 1159 852 eo

134 896 211 988 ipsa
235 894 354 965 ecbola
382 914 447 987 per
468 893 591 985 viginti
610 911 721 965 annos
748 893 940 989 discipulus
960 906 995 968 et
1022 902 1161 986 comes)

134 1033 218 1084 vere
232 1020 268 1082 et
284 1011 393 1082 libere
409 1010 584 1104 probiori,
612 1013 745 1082 nullum
769 1011 875 1084 luisse
892 1022 976 1085 tunc
999 1014 1162 1109 temporis

134 1131 282 1206 Lutetiae
298 1129 517 1226 gymnasium
533 1131 656 1221 majori
674 1131 872 1202 auditorum
894 1134 1088 1225 frequentia
1106 1155 1162 1206 ce-

136 1249 335 1335 lebratum,
361 1249 494 1318 nullum
524 1249 737 1318 accuratiore
763 1250 932 1323 doctrinae
953 1271 1078 1340 genere
1097 1271 1160 1320 ex·

137 1369 271 1438 cultum
288 1364 354 1462 (l).
377 1387 394 1434 r
417 1366 497 1436 Nou
518 1375 633 1442 tamen
659 1367 754 1437 solus
777 1367 908 1439 mous
931 1389 1075 1438 munere
1097 1389 1161 1440 suo

137 1486 368 1578 fungebaturq
397 1485 459 1556 sed
483 1483 574 1557 Aod.
600 1483 763 1573 Talaeus,
791 1503 898 1575 quum
920 1485 1109 1580 aliquando
1127 1488 1162 1565 in

137 1607 320 1676 Bellovaco
334 1603 452 1675 schola
473 1602 670 1692 docuisset,
694 1624 758 1672 suo
776 1623 814 1672 se
836 1603 947 1674 hamo
962 1604 1086 1678 iterum
1101 1584 1163 1676 ad

130 1721 252 1813 iunxit
270 1721 429 1810 socium,
449 1721 681 1812 docendoque
696 1739 738 1791 ao
760 1721 1001 1814 praelegendo,
1021 1721 1163 1794 mirilico

135 1841 283 1934 profecit
302 1841 370 1936 (2).
381 1840 657 1916 Bartholomaeus
676 1848 791 1910 autem
809 1838 1008 1911 Alexander
1027 1863 1047 1912 a
1065 1841 1165 1913 soda-

135 1960 211 2033 litio
239 1959 419 2048 divulsae,
447 1977 574 2030 novam
605 1959 706 2049 qnasi
735 1958 907 2032 coloniam
940 1959 986 2029 ad
1015 1959 1179 2048 Rhemos

137 2081 379 2163 transtulerat,
395 2079 548 2154 instituta
567 2077 614 2148 ibi
639 2097 760 2148 recens
779 2097 841 2170 per
858 2077 1020 2148 Carolurn
1035 2080 1164 2150 Lotha-

138 2198 295 2289 ringum,
311 2197 609 2289 archiepiscopum
624 2195 870 2284 Rhomenscm,
891 2194 1077 2268 Academia
1092 2195 1160 2293 (3),

15 2401 16 2410 ἵ
185 2317 315 2387 bamus
337 2314 443 2406 igitur
465 2333 544 2384 cum
564 2313 678 2384 Talaeo
696 2335 787 2402 suo,
811 2314 856 2385 ad
880 2315 1061 2407 pristinum
1081 2335 1163 2407 pro-
1215 2307 1217 2310 ’

15 2413 16 2418 ¹
138 2435 290 2528 positum
302 2433 417 2504 redire
432 2455 559 2520 ausus,
580 2433 694 2502 literas
704 2453 838 2523 graecas
853 2429 955 2502 simul
970 2445 1005 2504 et
1019 2435 1162 2522 latinas,

15 2559 16 2562 ’
137 2553 442 2643 eloquentiamque
453 2561 488 2622 et
503 2549 755 2644 philosophiam
770 2550 1029 2620 docereiterum
1040 2551 1161 2642 coepit.

15 2661 16 2710 1
140 2671 229 2743 Tum
249 2669 493 2752 Quintilianum
519 2667 745 2762 perscrutari,
772 2667 991 2759 expendere,
1016 2667 1087 2743 imo
1105 2670 1166 2739 nli.

137 2781 282 2881 quando
305 2787 487 2876 vellicare3
516 2788 715 2858 Cicerccm
743 2781 856 2878 ipsum
878 2785 985 2857 libere
1006 2787 1164 2860 anirnad·

140 2905 358 2980 versionibus
387 2928 566 2999 premere,
610 2904 838 2998 probantibus
878 2905 1018 3005 quidem
1051 2907 1167 2977 multis

138 3034 286 3096 conatus
308 3025 485 3114 audaceS,
515 3023 689 3096 nonnullis
713 3031 828 3094 autem
855 3024 963 3094 livore
991 3027 1167 3097 aestuanti·

139 3143 227 3231 boa,
249 3153 354 3236 atque
372 3152 451 3213 ante
460 3143 597 3234 judices
618 3151 651 3212 et
666 3141 888 3232 magistratus
905 3141 1166 3232 indignantibus

139 3261 236 3352 quod
257 3262 293 3336 in
313 3269 473 3333 auctores
496 3259 600 3334 bonae
622 3269 715 3330 notae
734 3259 922 3350 inquireret
938 3258 1079 3337 liberius
1093 3257 1162 3355 (l).

141 3379 184 3451 At
202 3381 259 3450 ille
276 3381 498 3450 nihilominus
516 3379 725 3469 eloquentiae
737 3378 1037 3470 philosophiaeque
1053 3380 1167 3450 studia

141 3499 383 3589 coniungenda
404 3519 480 3568 esse
496 3505 695 3568 constanter
711 3493 887 3594 professus
904 3549 912 3583 ,
930 3495 1112 3588 publicam
1124 3499 1167 3569 de

171 3815 209 3879 (t)
226 3815 344 3874 hemeah,
353 3829 379 3877 p.
393 3816 432 3869 19,

173 3898 209 3961 (2)
224 3899 276 3959 ld.,
289 3911 313 3961 p·
332 3902 368 3957 15,
385 3903 421 3949 19.

173 3984 207 4044 lt)
222 3982 274 4042 leh,
288 3991 314 4046 p.
329 3984 376 4040 ras
385 3979 419 4032 lle
431 3981 579 4032 hhemensts
594 3981 765 4032 Uhlvarsllatls
776 3982 886 4042 origine,
898 3981 950 4032 vid.
963 3981 998 4029 bc
1010 3979 1089 4038 Thou,
1100 3979 1118 4028 l.
1127 3979 1168 4041 Vl,

142 4080 167 4114 c.
184 4070 215 4126 s,
238 4065 270 4114 aa
286 4075 347 4114 ann.
367 4068 440 4124 15493
462 4065 500 4116 ltu
518 4065 626 4127 haulay,
644 4064 706 4114 lltst.
725 4067 796 4113 univ.
818 4065 911 4124 Paris,
931 4068 950 4113 1.
963 4063 1006 4118 vl,
1026 4073 1051 4131 p.
1065 4064 1123 4122 1111,
1138 4064 1168 4121 aq

144 4161 202 4198 ann.
217 4152 286 4199 rata.

173 4233 212 4296 (11
226 4233 344 4292 hachel,
354 4245 383 4296 p,
399 4238 435 4297 11.
