2912 5066
551 422 770 492 -117-

146 587 221 676 ejus
238 582 403 674 magistra
428 582 690 672 quodammodo
716 583 787 653 fiet.
814 583 916 656 Nullo
941 589 1027 654 enr'm
1056 601 1173 654 natur-o

148 721 212 776 tarn
227 705 329 795 firmo
344 716 556 792 constansque
569 719 639 788 eet,
656 707 734 793 quin
750 706 930 795 coquitionc
943 706 994 770 rai
1006 717 1039 771 et
1056 707 1173 772 uirium

145 845 281 894 uturum
303 823 517 912 descriptione
536 823 669 916 firmior
694 836 726 890 et
746 825 966 901 constantiam·
988 821 1081 890 nulla
1105 829 1173 890 tam

148 938 315 1030 laugnida
337 945 371 1009 et
391 936 544 1028 abjecta,
570 937 656 1028 quin
680 937 881 1028 adjumento
902 938 987 1010 artis
1008 939 1124 1010 acrior
1141 948 1176 1010 et

146 1055 295 1126 alacrior
307 1053 399 1126 effici
418 1054 529 1147 possit
544 1057 611 1144 (l).
635 1079 653 1123 o

178 1175 270 1260 ¹llac
293 1181 407 1246 mente
432 1174 561 1244 Remus
585 1181 720 1244 unturae
740 1173 972 1261 monitiones,
1006 1183 1174 1264 quantum

149 1291 185 1392 iu
215 1290 351 1382 poetis,
388 1290 611 1379 oratoribus,
650 1289 885 1382 philosophis,
924 1289 1174 1360 mathematicis

147 1407 335 1478 observare
360 1407 502 1499 potuit,
534 1408 568 1476 iu
591 1417 766 1499 praecepta
793 1405 968 1493 contulit,
996 1414 1175 1497 artemque

147 1525 362 1598 dialecticam
377 1525 412 1595 in
427 1525 516 1597 duas
533 1534 648 1618 partes
660 1524 858 1610 distribuit,
889 1524 1122 1595 inventionem
1141 1535 1176 1596 et

143 1643 316 1734 judicium
350 1643 428 1738 (2),
459 1644 590 1716 scilicet
620 1643 815 1736 argument-i
847 1653 920 1714 tum
951 1643 1173 1730 inveniendi,

148 1773 221 1833 tum
248 1763 443 1834 collocandi
470 1763 677 1835 doctrinam.
708 1762 799 1846 Quid
826 1784 932 1855 porro
953 1763 997 1833 sit
1018 1762 1054 1833 in
1078 1761 1176 1834 llami

147 1881 333 1953 Dialectica
365 1898 591 1976 crqrrmentum
629 1881 919 1952 considerandum
955 1883 1052 1974 prius
1089 1892 1173 1971 est,

147 2020 255 2089 quam
278 1999 323 2071 de
342 2009 489 2091 utraque
505 2001 563 2071 illa
579 2010 678 2094 parte
700 1999 796 2090 loqui
817 2001 1077 2092 aggrediamur.
1097 2003 1174 2073 Non

147 2118 239 2190 euim
284 2128 556 2209 argumentum,
594 2119 683 2190 sicut
715 2117 916 2192 Aristoteles
948 2129 982 2192 ct
1018 2120 1176 2214 plerique

148 2236 272 2328 logici,
289 2237 440 2308 medium
457 2238 648 2333 syllogismi
664 2238 849 2308 terminum
862 2260 940 2310 esse
953 2239 1094 2328 delinit,
1111 2239 1175 2312 sed

146 2355 291 2426 omnino
309 2356 483 2448 quidquid
498 2357 544 2429 ad
556 2359 759 2452 arquendum
777 2357 936 2428 adhiberi
955 2366 1094 2450 potest:
1116 2381 1173 2429 nr·

148 2483 349 2564 gumentum
381 2473 485 2566 igitur
518 2475 642 2569 accipit
677 2494 741 2568 pro
770 2474 896 2565 quovis
929 2473 1176 2546 enuntiationis

148 2593 397 2685 quaestionisve
424 2594 583 2666 termino.
611 2594 727 2677 Quum
749 2591 842 2662 euim
866 2592 1070 2682 quaestionis
1090 2611 1173 2685 pre·

147 2713 272 2804 positae
286 2722 402 2806 portes
416 2714 487 2784 sint
504 2712 713 2784 antecedens
724 2721 761 2782 et
775 2731 1011 2802 consequens,
1033 2731 1095 2781 seu
1108 2712 1173 2782 mi-

148 2853 214 2902 uus
236 2834 417 2924 majusque
444 2843 665 2920 extremum,
687 2839 930 2922 argumentum
946 2837 1014 2901 aut„
1024 2825 1174 2925 simplex

147 2956 207 3017 aut
224 2949 446 3039 conjunctum
470 2971 548 3021 esse
574 2949 752 3020 contendit
776 2975 786 3018 ε
809 2969 960 3041 quorum
990 2948 1110 3021 «illud
1129 2972 1182 3021 ex*

147 3057 311 3134 alterutra
334 3073 432 3156 parte
452 3064 686 3154 questionis,
714 3064 782 3135 hoc
810 3079 856 3134 ex
881 3072 953 3134 tota
980 3064 1174 3153 quaestione

149 3178 319 3271 promitur
342 3181 407 3269 (3).
429 3204 447 3247 u
484 3181 571 3264 Quae
597 3202 677 3252 cum
707 3181 752 3251 sit
777 3188 1059 3270 argumentorum
1090 3179 1175 3250 deii·

147 3295 253 3380 nitio,
272 3296 458 3370 dicendum
485 3307 537 3369 est
557 3319 628 3390 qua
645 3298 779 3369 ratione
795 3296 855 3367 fiat
871 3295 1047 3382 inventio,
1066 3317 1172 3386 quam

140 3412 297 3504 vpriorem
316 3413 507 3486 dialecticae
523 3423 656 3508 partem
671 3435 746 3484 esse
761 3412 919 3482 nllirmat.

195 3530 245 3600 Ea
267 3530 427 3602 nimirum
445 3530 484 3602 fit
508 3553 570 3625 per
588 3531 673 3602 locor
698 3529 775 3624 (l),
802 3550 952 3620 quorum
978 3538 1016 3599 ut
1034 3529 1171 3601 diversa

147 3668 274 3736 genera
303 3649 550 3743 percipiantur,
581 3649 656 3742 ipsa
683 3657 967 3740 argumentorum
993 3671 1119 3740 genera
1138 3659 1172 3720 et

176 3939 212 4002 (1)
228 3939 420 4002 disteterunt,
432 3939 450 3990 l.
460 3943 484 4000 3,
497 3944 521 3990 t.

178 4024 210 4082 (2)
224 4021 365 4072 Judtdum
376 4025 445 4072 enlm
456 4024 546 4073 maluit
556 4023 637 4073 disere
650 4037 727 4086 quum
742 4024 953 4087 dispositionum,
973 4023 1097 4072 Ciceronis
1111 4024 1171 4070 inri-

146 4109 248 4165 tatione,
262 4111 290 4156 ut
299 4106 414 4157 observat
427 4107 580 4167 Gnosendus,
596 4107 723 4170 llalogtcn
733 4109 793 4166 orig.
806 4113 830 4156 et
844 4108 942 4163 vertat,
954 4119 977 4153 c.
989 4109 1013 4154 o.

179 4191 211 4249 (3)
223 4188 287 4239 Diui.
303 4193 379 4252 part„
393 4190 410 4238 t.
424 4194 438 4239 6
454 4195 514 4240 rect.
526 4190 563 4239 (lt.
575 4190 712 4246 Gnsscud„
730 4188 789 4237 tbld.

178 4275 213 4332 (t)
224 4272 307 4323 schol.
319 4273 390 4333 dial„
402 4275 503 4337 passim.
