2916 5062
563 439 757 509 ...33-

145 598 334 694 puuioesori
358 597 475 668 limnas
503 601 613 672 soceri
645 599 720 692 ipse
746 598 881 687 attulit,
905 619 1057 690 eumque
1082 600 1172 672 aiios·

148 719 232 811 quio
255 726 291 788 et
318 716 430 808 gratia
458 717 504 787 ita
527 717 711 807 devinxit,
743 727 780 786 ut
804 735 883 788 eum
907 738 971 810 pro
998 717 1171 812 discipulo

15 843 16 846 ’
147 837 313 930 deinceps
341 833 523 920 habuerit,
555 843 660 926 atque
686 837 732 906 eb
761 835 888 908 eodem
911 845 1069 918 mortuus
1102 857 1173 912 non

15 969 16 974 ’
148 956 283 1026 minore
301 953 624 1025 cumadmiratione
643 972 749 1045 quum
766 953 961 1026 sinceritate
980 964 1016 1026 et
1030 955 1175 1026 veritate

151 1075 314 1146 laudatus
336 1071 599 1163 celebratusque
622 1073 735 1143 fuerit.
764 1074 815 1144 lbi
841 1075 971 1146 Remus
986 1073 1174 1166 aliquando

150 1197 404 1277 commoratus,
424 1188 531 1261 libros
543 1189 742 1282 complures
753 1189 863 1264 edidit
875 1198 939 1260 cut
948 1198 1049 1262 numa
1063 1187 1177 1286 editos

153 1309 254 1380 novis
272 1307 364 1402 typis
386 1306 614 1380 excudendus
635 1307 770 1378 curavit
788 1327 880 1378 nnnc
899 1308 1004 1385 1569,
1027 1306 1072 1377 At
1084 1301 1177 1378 illam

15 1465 26 1530 ι,
152 1429 226 1522 ipse
243 1425 549 1498 commorationem
566 1478 575 1514 ‚
595 1445 661 1518 pru
677 1425 911 1517 singularibus
920 1411 1118 1496 Basilienuis
1131 1427 1177 1495 ci·

152 1547 269 1624 vitetis
287 1553 321 1616 et
345 1543 543 1621 Academiae
567 1544 721 1631 meritis,
745 1553 864 1638 postea,
888 1553 1048 1638 separato
1072 1563 1178 1636 opem

154 1663 437 1752 commemoravit
457 1663 526 1758 (t),

202 1782 369 1872 Tigurum
399 1776 457 1875 (2)
488 1801 572 1856 vero
603 1799 712 1870 quum
745 1780 959 1872 pervenisset
984 1778 1066 1874 (3),
1095 1801 1178 1852 euru

154 1921 290 1972 summu
298 1921 378 1969 cum
390 1899 604 1969 humanitate
614 1899 753 1991 excepit
765 1898 934 1968 chricus
945 1899 1175 1990 BuliiugeruS,

158 2016 342 2092 Heluetium
367 2015 542 2106 religionis
567 2015 777 2086 clarissimus
810 2015 1100 2108 doctissimusque
1128 2018 1180 2090 in·

156 2144 314 2227 terrorest
334 2134 422 2230 qui,
450 2134 672 2226 simulatque
691 2133 727 2206 in
745 2133 868 2204 urbem
886 2135 1077 2212 maximum
1093 2135 1181 2206 iuter

158 2253 279 2346 populi
300 2271 509 2326 concursum
537 2243 714 2343 ingressus
747 2253 974 2340 emittimus,
1012 2253 1181 2325 adventus

157 2371 349 2463 gretrdetor
365 2370 502 2457 adfuit,
533 2389 739 2460 ooenamquo
768 2369 876 2441 Remo
895 2369 1079 2460 adhibuit,
1110 2393 1181 2443 non

157 2498 290 2560 tantum
311 2487 430 2566 ljaetitiu
448 2497 490 2559 et
513 2497 682 2580 apparatu
708 2486 956 2574 lautissimam,
977 2488 1041 2562 sed
1068 2489 1183 2560 crudi-

158 2607 299 2681 tissimis
330 2607 556 2682 convivarum
581 2607 799 2677 sermonibus
821 2607 923 2696 longe
952 2605 1181 2697 gratissimam

156 2738 193 2799 et
220 2726 472 2802 suavissimum.
512 2727 575 2797 Hic
610 2727 702 2799 enim
733 2736 835 2798 ‚erant
858 2725 953 2798 docti
992 2725 1057 2797 viri
1090 2727 1179 2798 Rud.

157 2848 366 2934 Guaiterus,
392 2847 480 2918 Lud.
499 2847 713 2928 navamus.
740 2844 956 2944 Woifiusquu
978 2854 1013 2916 et-
1034 2845 1184 2916 Stichius
1296 2879 1298 2882 ·

160 2965 291 3054 (abhis
315 2973 431 3038 entem
454 2963 594 3035 duobus
616 2963 751 3056 privata
778 2984 920 3056 quoque
936 2985 1040 3039 coena
1058 2983 1185 3058 escen

160 3094 218 3155 tus
232 3086 330 3182 esti,
357 3081 620 3176 presertimque
644 3083 755 3160 Jusies
780 3085 969 3172 Simlcrus‚
991 3085 1091 3173 cujus
1110 3103 1183 3152 ser·

163 3223 282 3276 mones
316 3201 352 3271 in
381 3200 502 3294 primis
531 3201 724 3290 jucundam
757 3201 1031 3272 recordationem
1065 3207 1184 3290 posteo
1282 3263 1287 3272 .

74 3386 78 3396 .
163 3317 273 3391 liano
299 3320 498 3390 attulerunt.
522 3315 650 3388 Civitas
673 3317 748 3410 ipsa
769 3315 932 3408 Tigurinu
958 3313 1013 3409 (i)
1030 3315 1184 3409 privatos

196 3626 229 3686 (1)
246 3624 312 3675 Ann.
327 3627 395 3682 1571,
406 3625 432 3672 in
446 3626 556 3677 credone
567 3635 622 3684 que
633 3622 742 3674 Bustica
759 3622 824 3672 diem
841 3621 896 3674 tutt
908 3623 963 3672 vid.
978 3622 1043 3676 inim
1052 3623 1132 3676 (lutat.
1145 3637 1185 3686 op,

163 3705 245 3758 Remi.

195 3793 229 3853 (2)
246 3793 302 3842 Siue
318 3791 437 3871 'i'uricurn
449 3788 560 3856 (zurich)
571 3809 577 3839 ι
590 3789 633 3844 ubi
647 3795 702 3853 post
714 3790 764 3842 Uir.
784 3790 888 3854 zuiugiii
901 3790 1010 3849 obitum.
1024 3792 1188 3854 dulimgems

164 3877 257 3939 primus
269 3876 296 3924 iu
308 3873 435 3924 Helvetico
444 3873 562 3934 religione
577 3872 647 3922 inciie
657 3877 748 3923 tenuit.

146 3958 151 3964 '
195 3957 229 4022 (3)
247 3957 353 4018 Bernum
365 3957 473 4018 Freigius
486 3961 540 4018 pust
556 3955 676 4030 Rusticum
689 3957 788 4006 iudicat.
809 3957 855 4006 Sed
867 3957 959 4008 unius
972 3957 1077 4008 Burnum
1090 3957 1190 4007 nonnisi

164 4041 209 4091 sub
229 4029 305 4092 finem
324 4041 392 4092 illius
409 4041 612 4102 peregrinationis
623 4041 771 4102 uraetcrieus
794 4041 870 4100 uidit,
895 4044 956 4092 teste
969 4041 1087 4094 Banosiu,
1113 4041 1190 4102 ipsius

165 4129 327 4272 mmmm
339 4205 417 4255 multu
429 4204 501 4254 lunde-
511 4209 583 4254 nutes
597 4204 689 4253 Remus
701 4207 846 4272 ornaverat,
863 4205 887 4252 in
900 4203 1005 4258 Pruoem,
1024 4203 1188 4265 mathemat,

165 4289 221 4344 imr-
235 4288 265 4342 11.
