2912 5066
552 383 768 452 -lot-

149 542 277 613 thodus
292 563 380 634 pene
396 545 537 636 sugerit,
555 545 745 615 dummodo
769 545 861 614 viam
880 544 1065 631 invenerit,
1084 566 1165 635 quae

149 663 185 732 in
207 660 383 733 tradendis
407 663 511 734 litoris
528 685 598 734 una
616 664 760 755 solaque
783 685 861 734 mco
880 664 1021 754 quidem
1032 664 1165 754 judicio

151 780 348 852 adhibenda
369 783 424 852 sit.
446 782 518 852 lmo
536 803 644 870 vare,
671 781 700 852 si
728 782 808 873 quis
840 784 929 852 sorte
954 783 1168 854 haecomnia

152 907 273 988 neget,
288 899 464 970 fatendum
478 908 590 970 tamen
609 899 673 970 crit
689 898 858 970 infelicem
879 899 974 970 illum
990 899 1118 989 virum,
1140 900 1170 970 si

154 1039 224 1090 non
241 1017 407 1089 instructo
425 1018 578 1109 quodam
596 1018 823 1112 philosophiae
842 1028 1038 1114 systemate,
1055 1019 1085 1089 si
1100 1041 1170 1090 non

153 1140 343 1210 instaurata
353 1137 553 1208 liberalibus
561 1137 692 1208 artibus
701 1139 882 1227 methodo,
897 1147 933 1208 at
947 1147 1039 1209 certe
1050 1147 1172 1230 parata

155 1257 256 1327 nohis
278 1255 450 1343 libertate,
470 1256 598 1347 optimc
621 1255 666 1326 de
694 1277 820 1346 genero
838 1255 990 1326 humano
1011 1257 1172 1332 meritum

155 1376 272 1452 fuisse.
289 1374 402 1459 Quum
427 1373 518 1444 onim
533 1373 723 1444 humanum
739 1393 848 1464 genus
870 1373 1006 1444 nonnisi
1025 1375 1114 1446 lente
1138 1375 1173 1446 in

156 1493 251 1565 omni
275 1516 311 1564 re
334 1494 497 1586 progredi
525 1514 567 1563 ac
605 1493 793 1591 procedere
831 1493 975 1584 soleat,
995 1501 1029 1564 et
1060 1495 1176 1565 multis

157 1621 290 1684 tantum
316 1612 442 1704 elapsis
470 1612 569 1681 annis
610 1613 656 1681 ad
690 1621 847 1682 veterum
878 1612 1017 1682 inventa
1046 1633 1176 1682 novum

157 1729 292 1821 aliquid
319 1730 421 1820 adjici
449 1728 577 1824 possit,
603 1729 701 1798 multi
729 1731 867 1799 luerunt
891 1728 1064 1815 homines,
1084 1730 1178 1799 omni

158 1848 301 1940 quidem
327 1858 500 1941 tempore,
520 1849 696 1940 praecipue
719 1856 832 1920 tamen
857 1847 892 1916 in
918 1847 1178 1918 sextodecimo

158 1967 294 2054 seculo,
314 1966 376 2057 qui
393 1967 518 2036 trustra
537 1965 787 2070 laboraverint3
809 1965 907 2034 multi
922 1964 1025 2035 etiam
1041 1965 1178 2034 fuerunt

161 2085 223 2176 qui
242 2105 304 2176 pro
321 2084 494 2172 libertate,
512 2106 582 2154 non
599 2084 756 2177 propria,
776 2083 978 2170 sednostra,
991 2084 1176 2168 fortunam,

161 2203 244 2273 vitae
261 2203 561 2294 tranquillitatem,
582 2202 688 2272 vitam
716 2202 827 2300 ipsam
847 2203 990 2272 libenter
1007 2200 1176 2282 dederint,

162 2321 309 2414 posteris
326 2330 441 2391 autem
463 2331 502 2390 ut
526 2329 683 2391 sanctum
699 2320 908 2407 haeredium,
932 2328 1061 2389 rectam
1083 2340 1179 2388 men-

163 2449 254 2525 tam,
273 2438 346 2508 veri
376 2439 530 2526 rectique
554 2456 707 2506 amorem
737 2436 948 2530 reliquerint.
974 2437 1065 2506 lnter
1092 2458 1182 2526 quos

164 2553 403 2627 Ramuslacilo
416 2552 799 2645 primastenuitthuem
818 2553 946 2643 ingenii
966 2553 1066 2622 simul
1086 2553 1183 2623 dotes

162 2683 199 2744 et
214 2669 352 2742 eximiae
374 2669 479 2741 animi
503 2671 663 2759 virtutes,
685 2669 790 2761 quem
806 2678 878 2741 tota
902 2669 1131 2762 philosophiae
1149 2681 1182 2742 et

164 2811 247 2862 vero
266 2790 420 2881 impensa
432 2789 520 2878 vita,
543 2811 644 2879 quem
663 2788 813 2883 danique
828 2811 922 2859 mors
940 2798 1042 2860 atrox
1051 2799 1182 2862 nostrae

163 2908 318 2984 omnium
332 2909 550 2980 admirationi
567 2909 809 2980 commendant
822 2912 852 2997 (t
863 2909 887 2996 ).

195 3217 231 3283 (t)
248 3217 298 3268 lloo
309 3217 339 3267 da
353 3217 432 3268 Remo
443 3218 566 3279 judicium
581 3217 639 3267 tulit
649 3217 756 3267 Voltairc
767 3232 774 3264 t
784 3237 795 3262 ι
807 3217 841 3266 La
852 3215 955 3266 Rame'c.
969 3214 1099 3264 londateur
1110 3215 1185 3262 d'una

165 3302 250 3350 chaire
263 3301 294 3351 do
309 3300 517 3362 mathdmathuos
528 3315 561 3350 au
576 3299 667 3361 collc'ge
681 3300 750 3360 royal
766 3300 796 3349 de
811 3300 892 3358 Paris,
905 3300 954 3348 hon
968 3300 1036 3361 philo
1049 3298 1112 3360 opha
1123 3296 1186 3346 dans

167 3381 1186 3446 untempsodl’onnepouvaltgulrecncomptarquetrols...;hommevertueux
1256 3441 1260 3448 Ι

166 3463 228 3514 dans
239 3477 275 3513 un
286 3465 359 3514 siecle
369 3465 399 3513 da
409 3466 514 3523 crimes,
528 3463 629 3512 homme
641 3462 748 3510 almablc
758 3460 821 3511 dans
835 3462 857 3512 la
873 3462 962 3512 socttte
972 3468 997 3513 et
1009 3462 1103 3520 memo,
1120 3464 1139 3510 st
1154 3473 1186 3509 on

167 3550 240 3606 veut,
253 3546 291 3596 hcl
303 3549 392 3610 csprlt,
403 3549 451 3597 oto.
461 3563 473 3589 ι
485 3546 547 3595 Dict.
562 3543 634 3607 phil,
645 3544 662 3593 l.
674 3557 698 3594 o.
