2916 5062
719 403 911 484 ..28-

299 585 397 648 notre
412 597 576 668 expresse
593 577 796 669 permisslon
814 574 866 670 (l)
886 599 893 640 :
916 576 1010 646 aussi
1024 576 1069 647 de
1085 598 1129 646 ne
1145 567 1225 668 plus
1240 593 1322 648 user

299 695 342 765 de
356 695 451 764 telles
463 693 676 766 medisances
688 704 723 764 et
735 694 925 765 invectivcs
938 702 1058 762 contre
1073 691 1225 764 Aristote
1246 695 1321 786 (2),

300 833 343 881 ne
358 822 474 882 autres
492 813 633 884 enciens
658 813 824 882 autheurs
843 832 963 881 recens
987 819 1022 880 et
1043 831 1261 902 approuvez‚
1283 835 1325 882 ne

299 937 418 998 contre
429 929 617 1000 nostredite
627 928 695 1001 fille
707 928 925 999 l'Universite
940 937 974 1000 et
988 937 1153 1020 suppocte
1169 928 1322 1016 d’icelle,

299 1066 383 1115 sous
398 1046 448 1116 les
461 1046 579 1139 peines
595 1067 663 1136 que
679 1047 812 1118 dessus.
826 1045 862 1115 Si
875 1044 1037 1116 donnons
1047 1063 1091 1116 θη
1104 1046 1326 1116 mundement

299 1172 334 1232 et
350 1165 600 1235 commendons
614 1186 677 1257 par
693 1185 750 1234 ces
767 1167 945 1256 presentes
957 1163 978 1234 ὲ
991 1170 1108 1234 nostre
1125 1168 1267 1256 prevost
1281 1165 1325 1236 de

300 1282 411 1370 Puris,
436 1303 484 1352 ou
508 1283 528 1352 e
554 1304 618 1354 son
638 1283 845 1369 lieutenant,
868 1289 1115 1352 conservateur
1137 1281 1199 1353 des
1219 1282 1326 1374 privi-

299 1400 392 1491 leges
416 1422 479 1492 pur
501 1423 590 1472 nous
610 1412 646 1472 et
665 1422 730 1472 nos
751 1402 1014 1494 predecesseurs
1037 1419 1119 1494 roys
1139 1400 1274 1472 donnez
1293 1413 1326 1472 et

297 1528 459 1614 octroyez
482 1522 503 1593 e
527 1531 643 1592 nostre
666 1521 737 1591 dite
763 1519 831 1591 fille
852 1518 1086 1606 l'Universite‚
1113 1541 1183 1611 que
1210 1529 1326 1592 nostre

298 1642 436 1730 present
463 1639 645 1727 jugement
671 1648 705 1707 et
739 1638 963 1708 ordonnance
985 1638 1009 1708 il
1035 1646 1137 1708 mette
1163 1660 1210 1709 ou
1236 1640 1325 1710 fasse

299 1762 419 1822 rnettre
435 1751 558 1823 edetis
575 1762 608 1823 et
623 1752 752 1824 entiere
767 1753 973 1836 execution,
989 1756 1085 1825 selon
1105 1775 1143 1824 se
1164 1755 1274 1825 forme
1291 1763 1325 1824 et

298 1881 435 1959 teneur,
455 1871 524 1942 ete
541 1893 580 1942 oe
599 1872 684 1942 faire
703 1872 842 1944 souffrlr
858 1881 893 1942 et
911 1872 1039 1967 obeyr‚
1068 1873 1271 1964 contraigne
1290 1881 1324 1942 et

298 1992 387 2060 lesse
414 1990 633 2061 contraindre
656 1999 734 2061 tous
763 2013 854 2062 ceux
880 1991 966 2082 qu'il
993 1991 1256 2084 appartiendra‚
1291 2000 1324 2059 et

301 2131 388 2202 pour
414 2131 453 2180 ce
471 2109 583 2179 feront
600 2109 820 2180 contraindre
841 2130 904 2201 par
928 2116 1043 2178 toules
1057 2129 1165 2202 voyes
1190 2117 1224 2177 ct
1247 2127 1324 2176 ma-

300 2229 410 2300 nieres
424 2230 531 2302 delies
544 2239 578 2301 et
593 2230 851 2320 raisonnables,
870 2231 1078 2302 nonobstant
1102 2229 1324 2322 oppositione

298 2357 332 2418 ct
344 2349 570 2448 appellatione
584 2352 840 2440 quelconques,
855 2370 945 2442 pour
960 2349 1141 2440 lesquelles
1165 2370 1209 2419 ne
1231 2368 1323 2418 vou-

299 2467 375 2538 lons
392 2479 482 2539 estre
498 2469 628 2539 differe.
652 2470 696 2538 Et
711 2490 800 2562 pour
813 2489 854 2540 ce
872 2468 957 2559 qu’il
970 2477 1022 2538 est
1036 2467 1156 2538 besoin
1172 2467 1216 2539 de
1238 2467 1322 2536 faire

299 2587 434 2660 uotifier
446 2609 511 2660 nos
530 2589 619 2659 dites
629 2589 786 2659 delenses
802 2610 844 2659 en
859 2588 1028 2680 plusieurs
1042 2587 1135 2658 lieux
1151 2587 1195 2657 de
1207 2595 1323 2658 nostre

300 2727 485 2799 royeume,
506 2715 614 2778 terres
633 2715 667 2777 et
692 2707 926 2797 seigneuries‚
946 2705 1015 2776 elin
1029 2705 1073 2776 de
1094 2707 1145 2776 les
1163 2705 1247 2777 seire
1263 2705 1324 2774 ob·

299 2845 417 2894 server
428 2850 436 2909 3
448 2844 537 2893 nous
552 2826 700 2893 voulons
710 2825 818 2914 qu’au
836 2823 987 2894 vidimus
1000 2823 1152 2893 d'icelles
1165 2823 1226 2892 fait
1241 2843 1324 2893 sous

300 2943 370 3012 scel
396 2942 512 3037 royal,
543 2964 589 3012 on
613 2941 712 3033 signe
735 2963 797 3034 par
820 2942 982 3013 collatiou
1008 2964 1071 3035 per
1095 2942 1167 3010 l'un
1194 2941 1238 3012 de
1259 2963 1323 3012 nos

302 3082 397 3130 arnez
410 3069 445 3130 et
464 3061 569 3131 feaux
584 3059 735 3131 notaires
753 3081 800 3130 ou
817 3060 1036 3147 secretaires‚
1059 3059 1125 3130 soit
1143 3059 1323 3148 edjoustee

301 3180 359 3272 loy
375 3199 509 3250 comme
525 3201 571 3249 au
584 3182 723 3272 present
747 3179 907 3270 original.
928 3179 1098 3250 Mandons
1116 3198 1161 3248 en
1181 3185 1282 3247 outre
1302 3177 1323 3246 ὲ

301 3305 379 3368 tons
392 3317 457 3366 nos
473 3303 589 3366 autres
596 3295 790 3386 justicierS,
806 3295 969 3382 officiers‚
986 3295 1052 3366 ete
1069 3295 1202 3364 chacun
1216 3293 1323 3364 d'eux

301 3411 329 3482 si
345 3434 479 3485 comme
491 3415 513 3483 il
528 3415 577 3484 lui
593 3414 858 3507 appartiendra,
878 3436 947 3504 que
968 3435 1033 3484 nos
1057 3413 1145 3484 dites
1165 3411 1323 3483 defensos

331 3687 364 3750 (1)
381 3687 496 3737 Edictum
510 3687 573 3737 illud
586 3688 761 3752 carpentarius
773 3688 872 3750 leudut3
892 3690 943 3738 lrno
965 3699 1028 3750 pene
1046 3687 1165 3746 muctar,
1183 3684 1251 3747 qnod
1270 3688 1324 3734 nur

299 3771 347 3818 lerl
360 3783 434 3831 poene
445 3783 486 3820 rex
498 3774 630 3821 contentus
642 3770 716 3822 luerit
730 3785 737 3818 r
750 3790 762 3815 «
779 3770 892 3830 Homini,
912 3771 1008 3831 moult,
1020 3768 1207 3830 loquacissimo.
1218 3767 1261 3828 qul
1273 3779 1324 3830 prae

299 3865 325 3901 sc
339 3851 431 3902 terebat
443 3855 496 3902 turn
506 3853 586 3903 multe
596 3853 685 3904 indicio
695 3855 786 3903 meotis
795 3865 845 3902 non
855 3862 935 3911 sene,
946 3850 1082 3900 debebatur
1090 3853 1238 3912 perpetuum
1247 3848 1324 3898 sileo·

299 3938 372 3984 llum.
387 3971 393 3984 .
406 3970 431 3985 ..
446 3937 564 3987 lmorero
575 3939 633 3997 tibi,
650 3937 930 3998 ornentr'aeproreptori,
946 3940 1094 3998 perpetuum
1103 3933 1207 3984 exilium
1212 3935 1268 3993 lure
1281 3930 1324 3981 de·

297 4017 408 4067 hebetur.
419 4019 468 4069 Nee
477 4019 548 4068 rideo
559 4033 605 4070 cnr
618 4019 717 4069 illudio
731 4022 787 4068 tuos
799 4017 873 4068 libros
881 4017 1007 4067 decretum
1019 4019 1147 4078 tantopere
1156 4013 1251 4073 doleas,
1259 4015 1322 4062 etr.»

299 4102 450 4154 Anemurio.
464 4107 495 4155 r'u
515 4104 550 4154 P.
564 4105 692 4161 Remum,
708 4101 751 4150 lol.
768 4103 795 4150 13
807 4114 832 4150 r.

331 4185 366 4248 (2)
382 4186 454 4248 Quis,
469 4188 529 4237 tullo
540 4187 657 4247 legendo,
674 4187 754 4234 risum
766 4185 925 4234 teneatellou
938 4186 1017 4245 magle
1027 4183 1192 4234 derlrllculem
1207 4181 1324 4231 tractarit

296 4270 427 4323 materiem
440 4269 539 4320 Bollcau
554 4271 580 4319 in
594 4268 714 4332 opusculo
725 4269 765 4320 cut
775 4267 864 4320 titulus
875 4272 928 4318 cst:
947 4266 1031 4317 Arrtt
1046 4265 1198 4328 lurlrrprre,
1209 4267 1257 4315 uu.
