2912 5066
559 415 775 484 -199-

154 578 362 652 philosophari
385 582 525 648 stagera
549 576 674 650 solitus,
696 583 727 637 et
743 578 806 650 jam
824 576 915 636 Talai
933 576 1066 651 quodam
1085 579 1178 638 modo

155 681 257 739 iocum
272 680 353 754 apud
375 680 503 738 Remum
523 680 591 748 (sed
612 679 767 753 utriusque
782 678 945 753 discipulus
960 679 1131 754 obsequens
1149 685 1179 738 et

156 777 321 854 officiosus)
337 780 477 850 sortitus,
492 778 681 856 gradumque
697 784 883 840 consecutus.
899 800 911 832 n
930 781 1051 840 Nauoei
1065 823 1074 852 ,
1088 781 1178 851 ibid,

157 896 185 955 p.
204 882 253 943 115.

578 1009 698 1060 SERIES
718 1012 761 1061 lV.

376 1187 504 1261 Spuria,
523 1188 572 1246 vel
586 1188 624 1246 de
639 1187 749 1261 quibus
761 1201 823 1244 non
838 1188 909 1246 satis
923 1193 1048 1246 constat.

162 1357 185 1411 1.
211 1356 256 1410 De
270 1354 367 1411 causis
381 1353 573 1410 affectionum
588 1357 618 1410 et
631 1351 849 1424 proprietatum
863 1352 1063 1424 quarumdam
1077 1352 1179 1423 singu-

198 1453 307 1512 larium
324 1469 394 1512 cum
412 1456 442 1511 in
455 1453 598 1524 bomine,
618 1459 681 1512 tum
695 1453 728 1510 in
746 1450 843 1509 brutis
864 1453 1042 1511 animalibus
1056 1451 1182 1526 quibus-

198 1555 276 1615 dam.
291 1555 455 1626 Monacbii,
471 1570 517 1629 ap.
535 1557 658 1614 Hieron.
672 1556 886 1628 Pyrcbmayer,
901 1553 991 1624 1579,
1002 1554 1088 1611 in-8·'.
1103 1555 1175 1626 (Vid

199 1658 289 1715 dour.
301 1657 580 1728 GesneriBibi.,ed.
597 1655 777 1727 15833mb1.
791 1657 920 1726 classic,
931 1656 1026 1726 16253
1036 1656 1179 1727 Nicoma,

199 1755 219 1812 l.
237 1770 368 1826 c.,num.
381 1756 443 1822 bi.)
460 1757 523 1813 Hoc
536 1754 659 1829 quidem
675 1770 752 1829 opus
764 1770 912 1829 nusquam
927 1755 1062 1828 reperire
1077 1756 1178 1829 potui,

201 1861 232 1915 et
251 1872 269 1914 a
283 1857 369 1915 liami
382 1856 487 1916 studiis
501 1857 573 1915 satis
586 1857 717 1915 alienum
734 1872 799 1916 esse
812 1857 886 1915 mibi
899 1857 1026 1915 videtur.

161 1959 189 2020 2.
215 1961 368 2033 Cynosura
387 1959 541 2032 utriusque
561 1957 655 2031 J'uris,
682 1973 736 2018 seu
761 1960 994 2018 commentarius
1015 1959 1045 2018 in
1061 1960 1182 2032 regulas

197 2060 272 2132 iuris
285 2060 421 2118 canonici
436 2063 467 2118 et
481 2060 594 2130 civilis,
609 2063 637 2118 il
652 2059 745 2118 libris
765 2061 918 2132 Francos,
935 2063 1030 2132 roob,
1048 2062 1181 2120 in-8⁰.·-

201 2160 264 2218 vid.
289 2161 417 2219 Nicerou
434 2161 462 2228 d.
486 2174 528 2230 c,
549 2175 627 2218 num.
651 2161 711 2228 50).
729 2163 773 2218 De
788 2175 849 2235 quo
864 2175 958 2234 opere
973 2161 1071 2220 miuus
1089 2162 1181 2220 etiam

200 2274 292 2336 quam
317 2261 356 2319 de
374 2260 568 2333 praecedente
585 2260 664 2317 libro
686 2266 825 2318 constare
846 2260 918 2316 mibi
936 2259 1068 2331 videtur,
1087 2261 1181 2335 siqui-

197 2362 270 2421 dem
289 2361 423 2420 Naucelii
437 2361 610 2420 testimonio
625 2361 700 2418 fides
716 2361 817 2434 aliqua
831 2359 936 2431 datur3
952 2361 994 2417 sic
1009 2362 1089 2419 enim
1102 2362 1154 2420 iiie
1171 2377 1179 2419 ε

203 2485 218 2516 a
233 2466 346 2536 Legum
357 2463 510 2522 volumina
522 2478 560 2521 ne
570 2460 705 2520 babebat
715 2461 778 2535 ipse
791 2461 914 2535 quidem
923 2463 1068 2532 (Romus),
1080 2478 1180 2538 neque

199 2564 230 2622 ei
243 2564 362 2635 studio,
385 2563 468 2637 quod
485 2563 578 2620 sciam
586 2601 596 2632 ,
613 2575 738 2635 operam
758 2575 891 2634 unquam
907 2561 1010 2632 dedit,
1031 2562 1086 2620 nisi
1100 2563 1179 2621 forte

201 2678 239 2723 ex
268 2664 449 2734 occasione,
478 2677 546 2721 cum
571 2663 651 2720 inter
674 2661 818 2733 legendas
843 2661 936 2720 Cicer.
964 2665 1038 2720 orat
1068 2663 1180 2737 aliquid

202 2771 376 2824 occurreret
395 2781 412 2824 e
432 2768 458 2824 J.
481 2767 512 2824 d.
533 2763 742 2838 repetendum.
761 2762 851 2833 Quod
864 2761 1006 2836 quidam,
1020 2767 1053 2821 ut
1075 2766 1181 2822 Hotto-

201 2879 307 2924 manus
321 2870 351 2924 et
365 2868 519 2936 Muretus,
533 2865 590 2938 ipsi
606 2864 678 2922 vitio
692 2867 868 2934 verterunt,
883 2867 940 2922 etc.
960 2883 972 2916 n
993 2864 1079 2922 Romi
1094 2865 1180 2933 Vita,

200 2983 229 3041 p.
250 2969 297 3028 311.

163 3072 189 3126 3.
216 3067 417 3127 Grammatico
430 3067 561 3128 hebraea.
574 3071 685 3126 -Ant
705 3070 846 3138 Teissier,
861 3068 879 3126 l.
898 3082 942 3136 c,
955 3066 1181 3136 grammaticam

200 3169 352 3230 bebraeam
371 3171 467 3228 Romo
488 3168 639 3240 attribuit;
661 3175 796 3228 ceterum
814 3182 915 3242 neque
934 3167 1057 3238 locum,
1080 3181 1181 3239 neque

202 3286 313 3330 anuum
326 3271 446 3330 indicat.
465 3272 613 3346 Equidem
626 3270 715 3328 valde
731 3270 836 3329 dubito
852 3283 890 3326 au
904 3271 1016 3330 Ramus
1030 3267 1180 3326 hebraeam

201 3379 334 3450 linguam
354 3377 509 3447 didicerit,
520 3375 632 3434 nedum
648 3373 802 3436 hebream
816 3372 1041 3444 grammaticam
1057 3384 1182 3443 compo-

201 3480 302 3539 suerit.
322 3478 382 3537 Sed
395 3483 429 3536 ut
444 3477 537 3550 ipsius
551 3482 582 3536 et
595 3475 730 3534 Naucelii
745 3473 947 3533 testimonium
963 3471 1181 3540 adhibeamus,

202 3582 314 3640 Remus
327 3580 357 3638 in
370 3579 508 3638 oratione
523 3577 562 3636 de
580 3591 634 3635 sua
648 3575 854 3649 professione,
872 3586 951 3631 anno
969 3572 1045 3632 1563
1059 3573 1182 3643 habita,

202 3682 278 3741 duas
306 3685 422 3739 tautum
445 3677 656 3751 grammaticas
680 3693 698 3736 a
724 3690 790 3734 sese
822 3675 1026 3746 conscriptas,
1054 3687 1182 3747 grecam

203 3797 312 3856 nempe
325 3787 356 3840 et
368 3782 494 3839 latinam
507 3784 664 3838 memorat.
682 3782 755 3836 Gom
771 3781 872 3836 autem
884 3777 1046 3858 remaculo
1060 3789 1183 3850 quoque

202 3899 341 3944 sermone
367 3881 596 3956 grammaticum
619 3883 829 3953 argumentum
852 3869 1044 3945 tractaverit,
1069 3881 1131 3934 tres
1156 3875 1183 3931 el

202 3987 413 4058 grammaticas
436 3984 572 4044 attribuit
591 3982 767 4052 Naucelius,
782 3981 834 4054 qui
852 3993 917 4037 sese
940 3979 1035 4036 Ramo
1058 3991 1184 4049 operam
1263 4004 1266 4010 -

157 4153 160 4158 ,
204 4089 322 4149 dedisse
349 4093 486 4147 testatur,
518 4085 677 4160 «Triplici
701 4079 837 4160 (inquit)
864 4081 1030 4150 idiomate,
1055 4079 1184 4151 gallico,

203 4189 314 4260 latino,
348 4201 465 4260 graeco,
490 4185 719 4258 grammaticum
753 4185 963 4255 argumentum
996 4179 1143 4237 tractavit.
1162 4219 1182 4232 ..

204 4291 321 4362 singula
342 4304 411 4348 mea
429 4303 521 4346 mauu
545 4286 706 4359 descripsi,
722 4284 800 4359 typis
823 4281 982 4340 commissa
1005 4281 1140 4352 correxi,
1155 4284 1186 4342 et
