<?xml version="1.0" encoding="UTF-8"?>
<!DOCTYPE html PUBLIC "-//W3C//DTD XHTML 1.0 Transitional//EN"
    "http://www.w3.org/TR/xhtml1/DTD/xhtml1-transitional.dtd">
<html xmlns="http://www.w3.org/1999/xhtml" xml:lang="en" lang="en">
 <head>
  <title>
</title>
<meta http-equiv="Content-Type" content="text/html;charset=utf-8" />
  <meta name='ocr-system' content='tesseract 3.04.00' />
  <meta name='ocr-capabilities' content='ocr_page ocr_carea ocr_par ocr_line ocrx_word'/>
</head>
<body>
  <div class='ocr_page' id='page_1' title='image "./depetriramivita00waddgoog_0144.png"; bbox 0 0 2912 5066; ppageno 0'>
   <div class='ocr_carea' id='block_1_1' title="bbox 557 376 776 448">
    <p class='ocr_par' dir='ltr' id='par_1_1' title="bbox 557 376 776 448">
     <span class='ocr_line' id='line_1_1' title="bbox 557 376 776 448; baseline 0.014 -3"><span class='ocrx_word' id='word_1_1' title='bbox 557 376 776 448; x_wconf 65' lang='lat'><strong>-2127-</strong></span> 
     </span>
    </p>
   </div>
   <div class='ocr_carea' id='block_1_2' title="bbox 145 535 1174 1809">
    <p class='ocr_par' dir='ltr' id='par_1_2' title="bbox 145 535 1174 1809">
     <span class='ocr_line' id='line_1_2' title="bbox 145 535 1174 634; baseline 0.002 -25"><span class='ocrx_word' id='word_1_2' title='bbox 145 535 336 611; x_wconf 84' lang='lat' dir='ltr'>Fatendnm</span> <span class='ocrx_word' id='word_1_3' title='bbox 346 535 487 627; x_wconf 89' lang='lat' dir='ltr'>quidem</span> <span class='ocrx_word' id='word_1_4' title='bbox 499 546 552 608; x_wconf 88' lang='lat' dir='ltr'>est</span> <span class='ocrx_word' id='word_1_5' title='bbox 565 538 729 607; x_wconf 89' lang='lat' dir='ltr'>nonnulla</span> <span class='ocrx_word' id='word_1_6' title='bbox 743 541 838 631; x_wconf 93' lang='lat' dir='ltr'>apud</span> <span class='ocrx_word' id='word_1_7' title='bbox 848 537 973 611; x_wconf 87' lang='lat' dir='ltr'>horum</span> <span class='ocrx_word' id='word_1_8' title='bbox 986 548 1174 634; x_wconf 89' lang='lat' dir='ltr'>utrumque</span> 
     </span>
     <span class='ocr_line' id='line_1_3' title="bbox 147 655 1171 750; baseline 0.001 -20"><span class='ocrx_word' id='word_1_9' title='bbox 147 657 288 750; x_wconf 89' lang='lat' dir='ltr'>reperiri</span> <span class='ocrx_word' id='word_1_10' title='bbox 299 677 380 746; x_wconf 80' lang='lat' dir='ltr'>quan</span> <span class='ocrx_word' id='word_1_11' title='bbox 393 656 428 724; x_wconf 91' lang='lat' dir='ltr'>in</span> <span class='ocrx_word' id='word_1_12' title='bbox 446 655 543 731; x_wconf 85' lang='lat' dir='ltr'>Rami</span> <span class='ocrx_word' id='word_1_13' title='bbox 562 677 705 748; x_wconf 90' lang='lat' dir='ltr'>quoque</span> <span class='ocrx_word' id='word_1_14' title='bbox 723 657 881 728; x_wconf 90' lang='lat' dir='ltr'>doctrina</span> <span class='ocrx_word' id='word_1_15' title='bbox 900 669 1095 749; x_wconf 90' lang='lat' dir='ltr'>occurrant,</span> <span class='ocrx_word' id='word_1_16' title='bbox 1109 681 1171 731; x_wconf 88' lang='lat' dir='ltr'>eo-</span> 
     </span>
     <span class='ocr_line' id='line_1_4' title="bbox 148 753 1171 864; baseline 0.002 -21"><span class='ocrx_word' id='word_1_17' title='bbox 148 753 551 864; x_wconf 80' lang='lat' dir='ltr'>rumquelibrosallamo</span> <span class='ocrx_word' id='word_1_18' title='bbox 559 770 627 862; x_wconf 77' lang='lat' dir='ltr'>legi</span> <span class='ocrx_word' id='word_1_19' title='bbox 636 772 973 864; x_wconf 81' lang='lat' dir='ltr'>potuisse3nonide0</span> <span class='ocrx_word' id='word_1_20' title='bbox 982 783 1096 845; x_wconf 90' lang='lat' dir='ltr'>tamen</span> <span class='ocrx_word' id='word_1_21' title='bbox 1106 775 1171 846; x_wconf 89' lang='lat' dir='ltr'>ista</span> 
     </span>
     <span class='ocr_line' id='line_1_5' title="bbox 148 888 1172 984; baseline 0 -22"><span class='ocrx_word' id='word_1_22' title='bbox 148 891 251 984; x_wconf 84' lang='lat' dir='ltr'>plagii</span> <span class='ocrx_word' id='word_1_23' title='bbox 263 890 366 982; x_wconf 90' lang='lat' dir='ltr'>culpa</span> <span class='ocrx_word' id='word_1_24' title='bbox 381 888 416 958; x_wconf 93' lang='lat' dir='ltr'>in</span> <span class='ocrx_word' id='word_1_25' title='bbox 429 909 472 959; x_wconf 90' lang='lat' dir='ltr'>eo</span> <span class='ocrx_word' id='word_1_26' title='bbox 486 889 640 960; x_wconf 89' lang='lat' dir='ltr'>notanda</span> <span class='ocrx_word' id='word_1_27' title='bbox 653 898 745 973; x_wconf 93' lang='lat' dir='ltr'>erat,</span> <span class='ocrx_word' id='word_1_28' title='bbox 759 911 839 960; x_wconf 94' lang='lat' dir='ltr'>cum</span> <span class='ocrx_word' id='word_1_29' title='bbox 850 891 928 962; x_wconf 83' lang='lat' dir='ltr'>haec</span> <span class='ocrx_word' id='word_1_30' title='bbox 936 893 1053 964; x_wconf 89' lang='lat' dir='ltr'>omnia</span> <span class='ocrx_word' id='word_1_31' title='bbox 1065 903 1125 963; x_wconf 87' lang='lat' dir='ltr'>aut</span> <span class='ocrx_word' id='word_1_32' title='bbox 1136 893 1172 962; x_wconf 89' lang='lat' dir='ltr'>in</span> 
     </span>
     <span class='ocr_line' id='line_1_6' title="bbox 148 1009 1170 1103; baseline -0.001 -21"><span class='ocrx_word' id='word_1_33' title='bbox 148 1010 224 1082; x_wconf 89' lang='lat' dir='ltr'>aliis</span> <span class='ocrx_word' id='word_1_34' title='bbox 237 1009 359 1103; x_wconf 82' lang='lat' dir='ltr'>logicis</span> <span class='ocrx_word' id='word_1_35' title='bbox 375 1017 607 1091; x_wconf 87' lang='lat' dir='ltr'>occurrerent,</span> <span class='ocrx_word' id='word_1_36' title='bbox 625 1017 685 1078; x_wconf 88' lang='lat' dir='ltr'>aut</span> <span class='ocrx_word' id='word_1_37' title='bbox 696 1030 867 1103; x_wconf 87' lang='lat' dir='ltr'>perparva</span> <span class='ocrx_word' id='word_1_38' title='bbox 884 1011 1025 1083; x_wconf 91' lang='lat' dir='ltr'>omnino</span> <span class='ocrx_word' id='word_1_39' title='bbox 1041 1022 1170 1098; x_wconf 88' lang='lat' dir='ltr'>essent,</span> 
     </span>
     <span class='ocr_line' id='line_1_7' title="bbox 147 1128 1170 1222; baseline 0.001 -22"><span class='ocrx_word' id='word_1_40' title='bbox 147 1138 180 1200; x_wconf 91' lang='lat' dir='ltr'>et</span> <span class='ocrx_word' id='word_1_41' title='bbox 198 1128 333 1198; x_wconf 83' lang='lat' dir='ltr'>minora</span> <span class='ocrx_word' id='word_1_42' title='bbox 355 1135 448 1198; x_wconf 89' lang='lat' dir='ltr'>certe</span> <span class='ocrx_word' id='word_1_43' title='bbox 464 1148 570 1217; x_wconf 89' lang='lat' dir='ltr'>quam</span> <span class='ocrx_word' id='word_1_44' title='bbox 588 1148 669 1218; x_wconf 89' lang='lat' dir='ltr'>quae</span> <span class='ocrx_word' id='word_1_45' title='bbox 687 1129 733 1199; x_wconf 92' lang='lat' dir='ltr'>ad</span> <span class='ocrx_word' id='word_1_46' title='bbox 751 1139 933 1200; x_wconf 89' lang='lat' dir='ltr'>auctorum</span> <span class='ocrx_word' id='word_1_47' title='bbox 950 1131 1095 1222; x_wconf 84' lang='lat' dir='ltr'><strong>gloriam</strong></span> <span class='ocrx_word' id='word_1_48' title='bbox 1117 1140 1170 1201; x_wconf 93' lang='lat' dir='ltr'>at·</span> 
     </span>
     <span class='ocr_line' id='line_1_8' title="bbox 147 1247 1169 1338; baseline 0.004 -22"><span class='ocrx_word' id='word_1_49' title='bbox 147 1249 305 1318; x_wconf 83' lang='lat' dir='ltr'>linerent.</span> <span class='ocrx_word' id='word_1_50' title='bbox 327 1247 397 1317; x_wconf 85' lang='lat' dir='ltr'>Sed</span> <span class='ocrx_word' id='word_1_51' title='bbox 413 1267 631 1317; x_wconf 89' lang='lat' dir='ltr'>communem</span> <span class='ocrx_word' id='word_1_52' title='bbox 650 1267 728 1316; x_wconf 88' lang='lat' dir='ltr'>cnm</span> <span class='ocrx_word' id='word_1_53' title='bbox 744 1253 893 1338; x_wconf 83' lang='lat' dir='ltr'>utroque</span> <span class='ocrx_word' id='word_1_54' title='bbox 902 1249 1062 1319; x_wconf 89' lang='lat' dir='ltr'>ardorem</span> <span class='ocrx_word' id='word_1_55' title='bbox 1075 1248 1169 1320; x_wconf 92' lang='lat' dir='ltr'>illum</span> 
     </span>
     <span class='ocr_line' id='line_1_9' title="bbox 147 1365 1171 1458; baseline 0.001 -21"><span class='ocrx_word' id='word_1_56' title='bbox 147 1365 269 1437; x_wconf 90' lang='lat' dir='ltr'>habuit</span> <span class='ocrx_word' id='word_1_57' title='bbox 282 1366 317 1435; x_wconf 91' lang='lat' dir='ltr'>in</span> <span class='ocrx_word' id='word_1_58' title='bbox 328 1365 532 1458; x_wconf 83' lang='lat' dir='ltr'>expellenda</span> <span class='ocrx_word' id='word_1_59' title='bbox 546 1365 831 1436; x_wconf 91' lang='lat' dir='ltr'>scholasticorum</span> <span class='ocrx_word' id='word_1_60' title='bbox 847 1366 1019 1436; x_wconf 87' lang='lat' dir='ltr'>barbaric.</span> <span class='ocrx_word' id='word_1_61' title='bbox 1036 1367 1171 1438; x_wconf 79' lang='lat' dir='ltr'>Scilicet</span> 
     </span>
     <span class='ocr_line' id='line_1_10' title="bbox 147 1483 1170 1575; baseline 0.002 -21"><span class='ocrx_word' id='word_1_62' title='bbox 147 1484 351 1554; x_wconf 79' lang='lat' dir='ltr'>Laurentius</span> <span class='ocrx_word' id='word_1_63' title='bbox 368 1483 481 1571; x_wconf 87' lang='lat' dir='ltr'>Valla,</span> <span class='ocrx_word' id='word_1_64' title='bbox 499 1483 704 1575; x_wconf 82' lang='lat' dir='ltr'>conscriptis</span> <span class='ocrx_word' id='word_1_65' title='bbox 716 1483 825 1552; x_wconf 88' lang='lat' dir='ltr'>tribus</span> <span class='ocrx_word' id='word_1_66' title='bbox 836 1485 1088 1555; x_wconf 83' lang='lat' dir='ltr'>Dialecticnrum</span> <span class='ocrx_word' id='word_1_67' title='bbox 1100 1489 1170 1556; x_wconf 77' lang='lat' dir='ltr'>dic-</span> 
     </span>
     <span class='ocr_line' id='line_1_11' title="bbox 146 1599 1173 1696; baseline 0.001 -24"><span class='ocrx_word' id='word_1_68' title='bbox 146 1601 469 1696; x_wconf 81' lang='lat' dir='ltr'>putun&#39;onamlibris,</span> <span class='ocrx_word' id='word_1_69' title='bbox 488 1609 674 1694; x_wconf 82' lang='lat' dir='ltr'>postquam</span> <span class='ocrx_word' id='word_1_70' title='bbox 688 1599 731 1671; x_wconf 90' lang='lat' dir='ltr'>de</span> <span class='ocrx_word' id='word_1_71' title='bbox 749 1600 1033 1672; x_wconf 88' lang='lat' dir='ltr'>scholasticorum</span> <span class='ocrx_word' id='word_1_72' title='bbox 1053 1623 1173 1692; x_wconf 81' lang='lat' dir='ltr'>nuga-</span> 
     </span>
     <span class='ocr_line' id='line_1_12' title="bbox 146 1717 1170 1809; baseline 0 -21"><span class='ocrx_word' id='word_1_73' title='bbox 146 1719 269 1790; x_wconf 87' lang='lat' dir='ltr'>mentis</span> <span class='ocrx_word' id='word_1_74' title='bbox 294 1727 327 1792; x_wconf 87' lang='lat' dir='ltr'>ct</span> <span class='ocrx_word' id='word_1_75' title='bbox 355 1717 449 1788; x_wconf 90' lang='lat' dir='ltr'>inani</span> <span class='ocrx_word' id='word_1_76' title='bbox 472 1717 668 1808; x_wconf 79' lang='lat' dir='ltr'>arrogantia</span> <span class='ocrx_word' id='word_1_77' title='bbox 694 1727 904 1809; x_wconf 91' lang='lat' dir='ltr'>conquestus</span> <span class='ocrx_word' id='word_1_78' title='bbox 930 1728 1048 1790; x_wconf 86' lang='lat' dir='ltr'>esset:</span> <span class='ocrx_word' id='word_1_79' title='bbox 1072 1742 1090 1786; x_wconf 79' lang='lat' dir='ltr'>a</span> <span class='ocrx_word' id='word_1_80' title='bbox 1109 1718 1170 1806; x_wconf 81' lang='lat' dir='ltr'>At,</span> 
     </span>
    </p>
   </div>
   <div class='ocr_carea' id='block_1_3' title="bbox 146 1826 1285 1932">
    <p class='ocr_par' dir='ltr' id='par_1_3' title="bbox 146 1826 1285 1932">
     <span class='ocr_line' id='line_1_13' title="bbox 146 1826 1285 1932; baseline 0.001 -24"><span class='ocrx_word' id='word_1_81' title='bbox 146 1838 273 1930; x_wconf 91' lang='lat' dir='ltr'>inquit,</span> <span class='ocrx_word' id='word_1_82' title='bbox 290 1839 387 1930; x_wconf 90' lang='lat' dir='ltr'>quod</span> <span class='ocrx_word' id='word_1_83' title='bbox 408 1839 511 1929; x_wconf 81' lang='lat' dir='ltr'>longe</span> <span class='ocrx_word' id='word_1_84' title='bbox 536 1837 814 1928; x_wconf 78' lang='lat' dir='ltr'>indignissimum</span> <span class='ocrx_word' id='word_1_85' title='bbox 834 1848 904 1925; x_wconf 88' lang='lat' dir='ltr'>cst,</span> <span class='ocrx_word' id='word_1_86' title='bbox 926 1859 1004 1908; x_wconf 93' lang='lat' dir='ltr'>cum</span> <span class='ocrx_word' id='word_1_87' title='bbox 1035 1839 1171 1932; x_wconf 78' lang='lat' dir='ltr'>captio·</span> <span class='ocrx_word' id='word_1_88' title='bbox 1281 1826 1285 1833; x_wconf 65' lang='grc'>’</span> 
     </span>
    </p>
   </div>
   <div class='ocr_carea' id='block_1_4' title="bbox 136 1955 1235 3707">
    <p class='ocr_par' dir='ltr' id='par_1_4' title="bbox 136 1955 1235 3707">
     <span class='ocr_line' id='line_1_14' title="bbox 146 1955 1170 2046; baseline -0.001 -19"><span class='ocrx_word' id='word_1_89' title='bbox 146 1981 227 2046; x_wconf 90' lang='lat' dir='ltr'>nes,</span> <span class='ocrx_word' id='word_1_90' title='bbox 245 1958 499 2042; x_wconf 87' lang='lat' dir='ltr'>cavillationes,</span> <span class='ocrx_word' id='word_1_91' title='bbox 516 1956 709 2027; x_wconf 88' lang='lat' dir='ltr'>calumnias</span> <span class='ocrx_word' id='word_1_92' title='bbox 720 1956 843 2044; x_wconf 88' lang='lat' dir='ltr'>video,</span> <span class='ocrx_word' id='word_1_93' title='bbox 861 1977 950 2046; x_wconf 92' lang='lat' dir='ltr'>quas</span> <span class='ocrx_word' id='word_1_94' title='bbox 961 1967 995 2027; x_wconf 91' lang='lat' dir='ltr'>et</span> <span class='ocrx_word' id='word_1_95' title='bbox 1008 1955 1170 2028; x_wconf 80' lang='lat' dir='ltr'>exercent</span> 
     </span>
     <span class='ocr_line' id='line_1_15' title="bbox 144 2075 1172 2171; baseline 0.001 -23"><span class='ocrx_word' id='word_1_96' title='bbox 144 2084 180 2148; x_wconf 92' lang='lat' dir='ltr'>et</span> <span class='ocrx_word' id='word_1_97' title='bbox 192 2077 335 2165; x_wconf 87' lang='lat' dir='ltr'>docent,</span> <span class='ocrx_word' id='word_1_98' title='bbox 349 2097 420 2146; x_wconf 90' lang='lat' dir='ltr'>non</span> <span class='ocrx_word' id='word_1_99' title='bbox 435 2096 577 2169; x_wconf 90' lang='lat' dir='ltr'>possum</span> <span class='ocrx_word' id='word_1_100' title='bbox 593 2075 724 2146; x_wconf 90' lang='lat' dir='ltr'>cisnon</span> <span class='ocrx_word' id='word_1_101' title='bbox 737 2095 955 2162; x_wconf 88' lang='lat' dir='ltr'>succensere,</span> <span class='ocrx_word' id='word_1_102' title='bbox 967 2077 1066 2166; x_wconf 92' lang='lat' dir='ltr'>quasi</span> <span class='ocrx_word' id='word_1_103' title='bbox 1080 2078 1172 2171; x_wconf 83' lang='lat' dir='ltr'>pira·</span> 
     </span>
     <span class='ocr_line' id='line_1_16' title="bbox 147 2192 1165 2287; baseline 0.003 -23"><span class='ocrx_word' id='word_1_104' title='bbox 147 2196 269 2282; x_wconf 93' lang='lat' dir='ltr'>ticam,</span> <span class='ocrx_word' id='word_1_105' title='bbox 295 2214 365 2264; x_wconf 92' lang='lat' dir='ltr'>non</span> <span class='ocrx_word' id='word_1_106' title='bbox 388 2195 544 2264; x_wconf 89' lang='lat' dir='ltr'>navalem</span> <span class='ocrx_word' id='word_1_107' title='bbox 571 2216 661 2281; x_wconf 90' lang='lat' dir='ltr'>rem,</span> <span class='ocrx_word' id='word_1_108' title='bbox 685 2192 777 2282; x_wconf 88' lang='lat' dir='ltr'>sive,</span> <span class='ocrx_word' id='word_1_109' title='bbox 806 2202 844 2263; x_wconf 91' lang='lat' dir='ltr'>ut</span> <span class='ocrx_word' id='word_1_110' title='bbox 864 2195 1002 2265; x_wconf 91' lang='lat' dir='ltr'>mollius</span> <span class='ocrx_word' id='word_1_111' title='bbox 1027 2196 1165 2287; x_wconf 90' lang='lat' dir='ltr'>loquar,</span> 
     </span>
     <span class='ocr_line' id='line_1_17' title="bbox 148 2305 1167 2409; baseline -0.001 -25"><span class='ocrx_word' id='word_1_112' title='bbox 148 2315 336 2406; x_wconf 86' lang='lat' dir='ltr'>palaestrae,</span> <span class='ocrx_word' id='word_1_113' title='bbox 355 2335 418 2407; x_wconf 94' lang='lat' dir='ltr'>pro</span> <span class='ocrx_word' id='word_1_114' title='bbox 435 2313 588 2400; x_wconf 84' lang='lat' dir='ltr'>militiae,</span> <span class='ocrx_word' id='word_1_115' title='bbox 605 2313 822 2406; x_wconf 89' lang='lat' dir='ltr'>disciplinam</span> <span class='ocrx_word' id='word_1_116' title='bbox 841 2305 1054 2384; x_wconf 84' lang='lat' dir='ltr'>tradentibus</span> <span class='ocrx_word' id='word_1_117' title='bbox 1066 2313 1130 2409; x_wconf 77' lang='lat' dir='ltr'>(l).</span> <span class='ocrx_word' id='word_1_118' title='bbox 1147 2342 1167 2383; x_wconf 77' lang='lat' dir='ltr'>o</span> 
     </span>
     <span class='ocr_line' id='line_1_18' title="bbox 147 2433 1172 2525; baseline 0.003 -23"><span class='ocrx_word' id='word_1_119' title='bbox 147 2433 344 2505; x_wconf 86' lang='lat' dir='ltr'>Ludovicus</span> <span class='ocrx_word' id='word_1_120' title='bbox 354 2443 469 2504; x_wconf 90' lang='lat' dir='ltr'>autem</span> <span class='ocrx_word' id='word_1_121' title='bbox 486 2433 589 2504; x_wconf 87' lang='lat' dir='ltr'>Vives</span> <span class='ocrx_word' id='word_1_122' title='bbox 605 2433 639 2501; x_wconf 93' lang='lat' dir='ltr'>in</span> <span class='ocrx_word' id='word_1_123' title='bbox 657 2433 746 2502; x_wconf 90' lang='lat' dir='ltr'>libro</span> <span class='ocrx_word' id='word_1_124' title='bbox 761 2437 931 2502; x_wconf 72' lang='lat' dir='ltr'>decausis</span> <span class='ocrx_word' id='word_1_125' title='bbox 943 2451 1172 2525; x_wconf 81' lang='lat' dir='ltr'>corruptarum</span> 
     </span>
     <span class='ocr_line' id='line_1_19' title="bbox 146 2549 1169 2650; baseline -0.001 -28"><span class='ocrx_word' id='word_1_126' title='bbox 146 2559 286 2641; x_wconf 77' lang='lat' dir='ltr'>arrium,</span> <span class='ocrx_word' id='word_1_127' title='bbox 301 2551 345 2622; x_wconf 89' lang='lat' dir='ltr'>de</span> <span class='ocrx_word' id='word_1_128' title='bbox 361 2550 644 2650; x_wconf 76' lang='lat' dir='ltr'>Aristoteleorum</span> <span class='ocrx_word' id='word_1_129' title='bbox 662 2549 840 2620; x_wconf 89' lang='lat' dir='ltr'>dialectica</span> <span class='ocrx_word' id='word_1_130' title='bbox 859 2550 1005 2640; x_wconf 88' lang='lat' dir='ltr'>loquens</span> <span class='ocrx_word' id='word_1_131' title='bbox 1024 2574 1032 2618; x_wconf 74' lang='grc' dir='ltr'><strong><em>ε</em></strong></span> <span class='ocrx_word' id='word_1_132' title='bbox 1057 2575 1075 2617; x_wconf 90' lang='lat'>«</span> <span class='ocrx_word' id='word_1_133' title='bbox 1090 2552 1169 2621; x_wconf 87' lang='lat' dir='ltr'>Dia·</span> 
     </span>
     <span class='ocr_line' id='line_1_20' title="bbox 147 2667 1166 2761; baseline 0.001 -23"><span class='ocrx_word' id='word_1_134' title='bbox 147 2669 418 2761; x_wconf 82' lang='lat' dir='ltr'>lectica,inquit,</span> <span class='ocrx_word' id='word_1_135' title='bbox 431 2671 578 2740; x_wconf 90' lang='lat' dir='ltr'>multum</span> <span class='ocrx_word' id='word_1_136' title='bbox 588 2667 1166 2759; x_wconf 84' lang='lat' dir='ltr'>contraxitsqualorisetsordium,</span> 
     </span>
     <span class='ocr_line' id='line_1_21' title="bbox 147 2786 1174 2882; baseline -0.001 -23"><span class='ocrx_word' id='word_1_137' title='bbox 147 2811 254 2881; x_wconf 87' lang='lat' dir='ltr'>quam</span> <span class='ocrx_word' id='word_1_138' title='bbox 288 2789 514 2859; x_wconf 88' lang='lat' dir='ltr'>conveniebat</span> <span class='ocrx_word' id='word_1_139' title='bbox 545 2809 625 2859; x_wconf 91' lang='lat' dir='ltr'>esse</span> <span class='ocrx_word' id='word_1_140' title='bbox 653 2789 760 2879; x_wconf 79' lang='lat' dir='ltr'>longe</span> <span class='ocrx_word' id='word_1_141' title='bbox 786 2786 1026 2880; x_wconf 90' lang='lat' dir='ltr'>purissimam,</span> <span class='ocrx_word' id='word_1_142' title='bbox 1045 2809 1174 2882; x_wconf 86' lang='lat' dir='ltr'>nempe</span> 
     </span>
     <span class='ocr_line' id='line_1_22' title="bbox 148 2904 1173 2996; baseline 0.004 -20"><span class='ocrx_word' id='word_1_143' title='bbox 148 2905 280 2977; x_wconf 91' lang='lat' dir='ltr'>aditum</span> <span class='ocrx_word' id='word_1_144' title='bbox 293 2914 399 2996; x_wconf 87' lang='lat' dir='ltr'>atque</span> <span class='ocrx_word' id='word_1_145' title='bbox 419 2904 683 2976; x_wconf 87' lang='lat' dir='ltr'>instrumentum</span> <span class='ocrx_word' id='word_1_146' title='bbox 698 2904 845 2976; x_wconf 86' lang='lat' dir='ltr'>aliorum</span> <span class='ocrx_word' id='word_1_147' title='bbox 862 2905 1173 2980; x_wconf 71' lang='lat' dir='ltr'>studiorum.....;.</span> 
     </span>
     <span class='ocr_line' id='line_1_23' title="bbox 148 3023 1174 3124; baseline 0 -30"><span class='ocrx_word' id='word_1_148' title='bbox 148 3026 186 3124; x_wconf 91' lang='lat' dir='ltr'>ln</span> <span class='ocrx_word' id='word_1_149' title='bbox 202 3023 428 3096; x_wconf 90' lang='lat' dir='ltr'>scholasticos</span> <span class='ocrx_word' id='word_1_150' title='bbox 444 3032 618 3112; x_wconf 88' lang='lat' dir='ltr'>recentes,</span> <span class='ocrx_word' id='word_1_151' title='bbox 636 3032 803 3114; x_wconf 89' lang='lat' dir='ltr'>tanquam</span> <span class='ocrx_word' id='word_1_152' title='bbox 821 3023 856 3092; x_wconf 93' lang='lat' dir='ltr'>in</span> <span class='ocrx_word' id='word_1_153' title='bbox 872 3024 970 3095; x_wconf 86' lang='lat' dir='ltr'>navis</span> <span class='ocrx_word' id='word_1_154' title='bbox 986 3025 1174 3113; x_wconf 88' lang='lat' dir='ltr'>sentinam,</span> 
     </span>
     <span class='ocr_line' id='line_1_24' title="bbox 148 3141 1174 3234; baseline 0.004 -20"><span class='ocrx_word' id='word_1_155' title='bbox 148 3145 264 3214; x_wconf 92' lang='lat' dir='ltr'>omnia</span> <span class='ocrx_word' id='word_1_156' title='bbox 296 3143 399 3234; x_wconf 88' lang='lat' dir='ltr'>hujus</span> <span class='ocrx_word' id='word_1_157' title='bbox 427 3143 511 3214; x_wconf 88' lang='lat' dir='ltr'>artis</span> <span class='ocrx_word' id='word_1_158' title='bbox 537 3141 620 3214; x_wconf 87' lang='lat' dir='ltr'>vitia</span> <span class='ocrx_word' id='word_1_159' title='bbox 649 3141 953 3216; x_wconf 68' lang='lat' dir='ltr'>oonlluxcmnt...,.</span> <span class='ocrx_word' id='word_1_160' title='bbox 977 3145 1058 3214; x_wconf 82' lang='lat' dir='ltr'>Tam</span> <span class='ocrx_word' id='word_1_161' title='bbox 1085 3144 1174 3218; x_wconf 86' lang='lat' dir='ltr'>mira</span> 
     </span>
     <span class='ocr_line' id='line_1_25' title="bbox 149 3259 1174 3354; baseline -0.002 -22"><span class='ocrx_word' id='word_1_162' title='bbox 149 3271 301 3334; x_wconf 89' lang='lat' dir='ltr'>monstra</span> <span class='ocrx_word' id='word_1_163' title='bbox 326 3262 560 3353; x_wconf 89' lang='lat' dir='ltr'>quaestionum</span> <span class='ocrx_word' id='word_1_164' title='bbox 578 3283 673 3354; x_wconf 85' lang='lat' dir='ltr'>saepe</span> <span class='ocrx_word' id='word_1_165' title='bbox 689 3262 952 3331; x_wconf 87' lang='lat' dir='ltr'>subnascuntur</span> <span class='ocrx_word' id='word_1_166' title='bbox 963 3259 998 3328; x_wconf 93' lang='lat' dir='ltr'>in</span> <span class='ocrx_word' id='word_1_167' title='bbox 1015 3261 1174 3331; x_wconf 79' lang='lat' dir='ltr'>scholas-</span> 
     </span>
     <span class='ocr_line' id='line_1_26' title="bbox 136 3377 1167 3470; baseline -0.003 -19"><span class='ocrx_word' id='word_1_168' title='bbox 136 3381 247 3470; x_wconf 86' lang='lat' dir='ltr'>ticis,</span> <span class='ocrx_word' id='word_1_169' title='bbox 267 3389 306 3451; x_wconf 93' lang='lat' dir='ltr'>ut</span> <span class='ocrx_word' id='word_1_170' title='bbox 322 3381 446 3451; x_wconf 89' lang='lat' dir='ltr'>mirere</span> <span class='ocrx_word' id='word_1_171' title='bbox 462 3401 526 3451; x_wconf 89' lang='lat' dir='ltr'>cos</span> <span class='ocrx_word' id='word_1_172' title='bbox 544 3401 614 3450; x_wconf 93' lang='lat' dir='ltr'>non</span> <span class='ocrx_word' id='word_1_173' title='bbox 630 3378 801 3449; x_wconf 88' lang='lat' dir='ltr'>interdum</span> <span class='ocrx_word' id='word_1_174' title='bbox 818 3377 854 3446; x_wconf 93' lang='lat' dir='ltr'>in</span> <span class='ocrx_word' id='word_1_175' title='bbox 873 3377 1003 3448; x_wconf 90' lang='lat' dir='ltr'>somnis</span> <span class='ocrx_word' id='word_1_176' title='bbox 1015 3377 1167 3450; x_wconf 16' lang='lat' dir='ltr'>teneri..ffl.</span> 
     </span>
     <span class='ocr_line' id='line_1_27' title="bbox 150 3495 1177 3592; baseline -0.002 -22"><span class='ocrx_word' id='word_1_177' title='bbox 150 3500 343 3592; x_wconf 82' lang='lat' dir='ltr'>AEnigmata</span> <span class='ocrx_word' id='word_1_178' title='bbox 355 3499 432 3570; x_wconf 84' lang='lat' dir='ltr'>haec</span> <span class='ocrx_word' id='word_1_179' title='bbox 446 3521 516 3571; x_wconf 91' lang='lat' dir='ltr'>non</span> <span class='ocrx_word' id='word_1_180' title='bbox 527 3520 574 3570; x_wconf 82' lang='lat' dir='ltr'>ex</span> <span class='ocrx_word' id='word_1_181' title='bbox 587 3497 725 3589; x_wconf 80' lang='lat' dir='ltr'>ingenio</span> <span class='ocrx_word' id='word_1_182' title='bbox 739 3495 939 3570; x_wconf 89' lang='lat' dir='ltr'>eruditione</span> <span class='ocrx_word' id='word_1_183' title='bbox 949 3499 1057 3571; x_wconf 87' lang='lat' dir='ltr'>multa</span> <span class='ocrx_word' id='word_1_184' title='bbox 1074 3519 1177 3571; x_wconf 80' lang='lat' dir='ltr'>exer-</span> 
     </span>
     <span class='ocr_line' id='line_1_28' title="bbox 150 3607 1235 3707; baseline 0 -17"><span class='ocrx_word' id='word_1_185' title='bbox 150 3621 253 3691; x_wconf 88' lang='lat' dir='ltr'>citato</span> <span class='ocrx_word' id='word_1_186' title='bbox 277 3628 311 3691; x_wconf 95' lang='lat' dir='ltr'>et</span> <span class='ocrx_word' id='word_1_187' title='bbox 330 3619 496 3707; x_wconf 85' lang='lat' dir='ltr'>subacto,</span> <span class='ocrx_word' id='word_1_188' title='bbox 521 3617 584 3692; x_wconf 88' lang='lat' dir='ltr'>sed</span> <span class='ocrx_word' id='word_1_189' title='bbox 609 3639 652 3688; x_wconf 89' lang='lat' dir='ltr'>cx</span> <span class='ocrx_word' id='word_1_190' title='bbox 675 3616 871 3707; x_wconf 75' lang='lat' dir='ltr'>ignorantia</span> <span class='ocrx_word' id='word_1_191' title='bbox 891 3617 1073 3688; x_wconf 86' lang='lat' dir='ltr'>meliorum</span> <span class='ocrx_word' id='word_1_192' title='bbox 1092 3629 1173 3692; x_wconf 90' lang='lat' dir='ltr'>sunt</span> <span class='ocrx_word' id='word_1_193' title='bbox 1233 3607 1235 3612; x_wconf 66' lang='grc'><strong>’</strong></span> 
     </span>
    </p>
   </div>
   <div class='ocr_carea' id='block_1_5' title="bbox 150 3955 1180 4271">
    <p class='ocr_par' dir='ltr' id='par_1_5' title="bbox 150 3955 1180 4186">
     <span class='ocr_line' id='line_1_29' title="bbox 150 3955 1180 4022; baseline -0.005 -13"><span class='ocrx_word' id='word_1_194' title='bbox 150 3972 195 4022; x_wconf 87' lang='lat' dir='ltr'>pas</span> <span class='ocrx_word' id='word_1_195' title='bbox 209 3959 364 4010; x_wconf 84' lang='lat' dir='ltr'>mlcnxdam</span> <span class='ocrx_word' id='word_1_196' title='bbox 375 3959 398 4009; x_wconf 86' lang='lat' dir='ltr'>lc</span> <span class='ocrx_word' id='word_1_197' title='bbox 412 3957 509 4007; x_wconf 83' lang='lat' dir='ltr'>dessein</span> <span class='ocrx_word' id='word_1_198' title='bbox 519 3955 581 4018; x_wconf 85' lang='lat' dir='ltr'>qu’il</span> <span class='ocrx_word' id='word_1_199' title='bbox 593 3955 671 4007; x_wconf 80' lang='lat' dir='ltr'>torma</span> <span class='ocrx_word' id='word_1_200' title='bbox 687 3955 718 4005; x_wconf 88' lang='lat' dir='ltr'>de</span> <span class='ocrx_word' id='word_1_201' title='bbox 732 3955 840 4006; x_wconf 84' lang='lat' dir='ltr'>dc&#39;trulre</span> <span class='ocrx_word' id='word_1_202' title='bbox 852 3956 874 4006; x_wconf 87' lang='lat' dir='ltr'>le</span> <span class='ocrx_word' id='word_1_203' title='bbox 887 3955 965 4006; x_wconf 79' lang='lat' dir='ltr'>credit</span> <span class='ocrx_word' id='word_1_204' title='bbox 976 3956 1119 4014; x_wconf 86' lang='lat' dir='ltr'>d&#39;llrlstotc,</span> <span class='ocrx_word' id='word_1_205' title='bbox 1130 3967 1180 4004; x_wconf 80' lang='lat' dir='ltr'>sur</span> 
     </span>
     <span class='ocr_line' id='line_1_30' title="bbox 150 4023 1179 4098; baseline -0.006 -7"><span class='ocrx_word' id='word_1_206' title='bbox 150 4043 186 4092; x_wconf 87' lang='lat' dir='ltr'>les</span> <span class='ocrx_word' id='word_1_207' title='bbox 205 4043 336 4092; x_wconf 76' lang='lat' dir='ltr'>memolrcs</span> <span class='ocrx_word' id='word_1_208' title='bbox 353 4042 385 4092; x_wconf 87' lang='lat' dir='ltr'>dc</span> <span class='ocrx_word' id='word_1_209' title='bbox 402 4039 473 4090; x_wconf 83' lang='lat' dir='ltr'>Valla</span> <span class='ocrx_word' id='word_1_210' title='bbox 485 4042 511 4090; x_wconf 85' lang='lat' dir='ltr'>cl</span> <span class='ocrx_word' id='word_1_211' title='bbox 527 4037 557 4087; x_wconf 87' lang='lat' dir='ltr'>dc</span> <span class='ocrx_word' id='word_1_212' title='bbox 571 4037 651 4088; x_wconf 75' lang='lat' dir='ltr'>Vires.</span> <span class='ocrx_word' id='word_1_213' title='bbox 668 4054 679 4082; x_wconf 72' lang='lat' dir='ltr'>a</span> <span class='ocrx_word' id='word_1_214' title='bbox 697 4035 735 4087; x_wconf 84' lang='lat' dir='ltr'>cl.</span> <span class='ocrx_word' id='word_1_215' title='bbox 748 4023 947 4098; x_wconf 84' lang='lat' dir='ltr'>llcclermann.,</span> <span class='ocrx_word' id='word_1_216' title='bbox 966 4037 1090 4098; x_wconf 79' lang='lat' dir='ltr'>Praecogn.</span> <span class='ocrx_word' id='word_1_217' title='bbox 1110 4037 1179 4098; x_wconf 59' lang='lat' dir='ltr'>lca,</span> 
     </span>
     <span class='ocr_line' id='line_1_31' title="bbox 151 4127 347 4186; baseline 0.005 -11"><span class='ocrx_word' id='word_1_218' title='bbox 151 4130 223 4176; x_wconf 86' lang='lat' dir='ltr'>tract.</span> <span class='ocrx_word' id='word_1_219' title='bbox 237 4127 274 4186; x_wconf 91' lang='lat' dir='ltr'>ll,</span> <span class='ocrx_word' id='word_1_220' title='bbox 287 4139 310 4175; x_wconf 89' lang='lat' dir='ltr'>c.</span> <span class='ocrx_word' id='word_1_221' title='bbox 324 4129 347 4176; x_wconf 88' lang='lat' dir='ltr'>l.</span> 
     </span>
    </p>

    <p class='ocr_par' dir='ltr' id='par_1_6' title="bbox 183 4205 686 4271">
     <span class='ocr_line' id='line_1_32' title="bbox 183 4205 686 4271; baseline -0.014 -13"><span class='ocrx_word' id='word_1_222' title='bbox 183 4212 216 4271; x_wconf 83' lang='lat' dir='ltr'>(t)</span> <span class='ocrx_word' id='word_1_223' title='bbox 236 4210 337 4259; x_wconf 84' lang='lat' dir='ltr'>lllalect.</span> <span class='ocrx_word' id='word_1_224' title='bbox 350 4209 453 4271; x_wconf 69' lang='lat' dir='ltr'>dlsput„</span> <span class='ocrx_word' id='word_1_225' title='bbox 464 4217 505 4270; x_wconf 84' lang='lat' dir='ltr'>ap.</span> <span class='ocrx_word' id='word_1_226' title='bbox 523 4206 623 4267; x_wconf 59' lang='lat' dir='ltr'>Brucla„</span> <span class='ocrx_word' id='word_1_227' title='bbox 636 4205 653 4254; x_wconf 89' lang='lat' dir='ltr'>l.</span> <span class='ocrx_word' id='word_1_228' title='bbox 665 4217 686 4252; x_wconf 93' lang='lat' dir='ltr'>c.</span> 
     </span>
    </p>
   </div>
   <div class='ocr_carea' id='block_1_6' title="bbox 0 0 1467 5066">
    <p class='ocr_par' dir='ltr' id='par_1_7' title="bbox 0 0 1467 5066">
     <span class='ocr_line' id='line_1_33' title="bbox 0 0 1467 5066; baseline 0 0"><span class='ocrx_word' id='word_1_229' title='bbox 0 0 1467 5066; x_wconf 95' lang='lat' dir='ltr'> </span> 
     </span>
    </p>
   </div>
  </div>
 </body>
</html>
