2916 5062
568 411 761 480 ...57-

148 569 275 642 ralinm
301 567 430 638 artium
458 567 671 638 curriculum
694 568 862 656 absolvit,
890 564 988 658 quod
1014 563 1080 637 sibi
1102 563 1175 654 jam

148 697 223 759 tum
237 693 486 779 proposuerat,
502 706 613 775 quum
629 685 814 779 profitendi
829 707 956 756 munus
971 682 1171 776 accepisset.

150 804 329 890 Quamdiu
342 803 434 874 enim
448 803 643 875 liberalium
654 805 780 876 artium
793 805 1005 897 professione
1018 823 1089 872 non
1100 821 1177 894 per-

155 924 295 992 iunotus
317 930 406 1009 erat,
427 923 559 1013 majore
580 921 747 1014 religione
771 942 876 1015 quam
899 921 1086 1012 quisquam
1108 939 1179 987 nn-

156 1063 262 1134 quam
277 1041 380 1111 fuerit
393 1040 498 1110 ullius
510 1041 584 1112 voti
599 1063 637 1112 se
652 1041 842 1132 obligatum
855 1047 961 1131 atque
975 1037 1178 1109 obstrictum

156 1160 304 1254 putabat
321 1158 352 1252 (i
363 1157 393 1252 ).
421 1159 492 1230 Neo
514 1159 705 1251 quidquam
732 1169 824 1232 certe
843 1159 1081 1252 imperfectum
1097 1154 1176 1225 reli·

157 1279 307 1371 quisset,
331 1277 397 1351 nisi
413 1297 507 1347 mors
524 1278 707 1350 immatura
724 1277 922 1348 obstitisset.
940 1276 1009 1346 Sed
1027 1297 1070 1344 ns
1088 1283 1175 1344 tem·

157 1416 283 1488 porum
293 1394 416 1466 seriem
430 1394 659 1483 invertamus,
677 1403 711 1465 et
727 1393 894 1486 quoniam
911 1393 956 1465 de
971 1391 1066 1482 regia
1080 1389 1179 1461 Rami

158 1513 374 1607 professione
395 1512 479 1584 satis
505 1513 675 1602 diximus,
707 1534 800 1584 nuno
826 1511 871 1582 ad
902 1509 1076 1604 publicam
1105 1510 1181 1600 ejus

161 1634 267 1702 vitam
285 1639 510 1702 revertamur.

207 1749 270 1818 Hic
281 1770 402 1820 rursus
411 1748 822 1842 occurritCarpentarius,
832 1755 952 1841 utpote
965 1745 1026 1838 qui
1035 1745 1182 1818 Remum

159 1871 331 1940 constanti
344 1867 475 1940 invidia
490 1876 525 1940 et
539 1868 622 1940 odio
636 1868 682 1940 ad
695 1876 840 1938 mortem
856 1887 969 1958 usque
981 1872 1184 1958 persecutns

161 1981 285 2075 inerit,
311 1994 350 2057 ut
365 1988 420 2058 vel
438 1987 609 2081 exipsius
632 1996 693 2058 aut
708 1986 806 2058 Rami
829 1985 966 2078 scriptis
983 1993 1018 2055 et
1034 2005 1080 2054 ex
1096 1974 1202 2054 actis‘
1257 1983 1259 1990 “

161 2104 310 2197 publicis
325 2103 524 2176 Academiae
543 2113 690 2175 constat.

131 2287 135 2295 .
210 2220 272 2290 illo
290 2218 382 2289 enim
397 2227 560 2306 auctore,
582 2220 810 2314 philosophus
836 2229 971 2307 noster,
1000 2228 1074 2288 tum
1090 2216 1185 2310 apud

163 2335 289 2406 artium
313 2336 526 2422 facultatem,
554 2343 627 2406 tum
647 2336 742 2429 apud
767 2337 879 2429 ipsam
902 2334 1184 2420 Universitatem,

164 2455 240 2516 tum
256 2445 360 2516 etiam
380 2445 520 2514 nomine
534 2446 674 2537 publico
697 2445 792 2538 apud
810 2447 984 2516 urbanum
1001 2453 1187 2536 praetorem

166 2553 262 2625 haud
281 2555 384 2626 semel
402 2564 585 2626 accusatus
600 2554 671 2650 (2),
691 2555 868 2649 perpetuis
881 2551 1126 2624 vexationibus
1139 2551 1189 2630 af·

166 2666 277 2735 fectus
299 2673 362 2736 est.
385 2663 453 2735 Sed
471 2673 602 2736 tantam
617 2685 722 2756 aeqno
736 2665 852 2734 animo
865 2661 1078 2735 inimicitiam
1089 2659 1186 2746 tulit,

166 2804 281 2874 neque
293 2786 398 2854 ullam
411 2805 474 2876 pro
490 2791 541 2853 tot
555 2783 719 2854 conviciis
729 2792 833 2875 atque
845 2781 979 2873 injuriis
993 2801 1133 2875 poenam
1143 2778 1188 2849 ab

168 2899 308 2971 homine
328 2899 539 2991 nequissimo
552 2922 614 2992 per
627 2899 812 2971 duodecim
828 2918 939 2970 annos
960 2906 1122 2991 expetere
1141 2893 1190 2965 di·

170 3028 296 3110 gnatus
308 3027 371 3089 est.
389 3019 462 3088 Imo
475 3039 558 3089 vero
573 3018 833 3113 Carpentarinm
844 3072 854 3107 ,
866 3018 896 3090 si
908 3027 1041 3088 tantum
1054 3016 1119 3086 iste
1131 3034 1191 3085 vo-

172 3138 307 3225 luisset,
329 3138 529 3229 ingratiam
550 3139 747 3231 recepisset.
774 3138 814 3209 Id
832 3137 924 3208 enim
942 3135 1131 3206 notandum
1157 3132 1192 3202 in

172 3254 293 3347 primis
314 3254 494 3343 existimo,
516 3255 612 3345 quod
630 3255 909 3326 adversariorum
923 3260 958 3322 et
974 3251 1191 3320 inimicorum

175 3394 458 3465 unumquemque
469 3375 574 3464 longa
586 3373 751 3468 patientia
765 3379 870 3462 atque
884 3369 989 3440 animi
1000 3366 1195 3437 sinceritate

175 3491 242 3561 sihi
268 3491 407 3563 tandem
428 3492 679 3580 conciliaverit,
709 3490 779 3561 imo
805 3489 871 3559 sriri
897 3486 1046 3558 amicum
1063 3485 1192 3558 iecerit.

109 3611 114 3616 '
176 3609 282 3700 Cujus
297 3611 346 3680 rei
371 3619 475 3682 testes
499 3612 594 3681 inere
618 3609 706 3679 inter
728 3609 834 3700 aiios,
857 3607 1076 3691 Gaiiandius,
1095 3615 1195 3677 vetus

176 3727 234 3798 iile
249 3727 440 3800 Aristotelis
453 3728 613 3800 defensor
628 3736 747 3799 contra
761 3727 912 3807 audaces
925 3725 1024 3798 Rami
1037 3733 1199 3810 conatus,

178 3854 212 3915 et
236 3845 410 3917 Adrianus
437 3827 636 3935 Turnebus,
664 3845 883 3918 doctissimus
907 3846 942 3916 in
965 3845 1061 3937 regia
1078 3842 1198 3913 schola

212 4174 247 4236 (Ι)
259 4173 336 4238 Epist.
346 4175 378 4225 ad
389 4177 454 4238 Ans.
463 4177 567 4239 Papium
580 4176 759 4225 Bononiensem
770 4172 931 4232 (totietas,
943 4182 968 4230 p.
983 4164 1048 4230 199).

214 4257 249 4320 tt)
263 4258 299 4306 Du
310 4258 412 4320 Bauium,
428 4264 446 4308 t.
459 4257 504 4318 Vi,
522 4266 546 4321 p.
562 4261 623 4318 itt,
635 4268 660 4320 p.
673 4258 734 4316 tit,
748 4259 795 4303 etc.
