2912 5066
517 447 566 460 -
591 409 662 478 139
686 447 734 460 -

103 591 194 663 ceps
213 570 280 657 (l).
304 567 348 638 Et
375 565 411 636 hi
440 567 581 657 quidem
605 587 686 638 oum
713 568 895 660 superstite
913 569 1021 640 Romo
1049 569 1140 640 litem

103 695 272 778 egerunt.
297 687 483 777 Postquam
506 695 665 768 autema
687 685 775 756 vivis
793 687 865 780 ipse
887 687 1045 758 sublatus
1066 696 1138 774 est,

106 807 190 896 ejus
218 804 449 876 sectatoribus
482 823 558 876 sesa
587 813 827 898 opposuerunt
860 805 1073 898 peripatetici
1102 825 1143 874 ac

108 923 269 1014 theologi
284 922 468 1016 permulti:
490 922 700 995 Nicodamus
713 923 925 994 Frischlinus
943 923 1140 1013 Tuhingen-

109 1041 180 1130 sis,
203 1041 380 1134 Philippus
401 1041 587 1113 Scherhius
610 1039 844 1130 Altdorlinus‚
873 1041 1057 1112 Zacharias
1076 1041 1141 1110 Ur·

110 1161 213 1231 sinus
226 1160 538 1251 Heidelbergensis‚
554 1160 726 1253 Iosephus
740 1160 894 1252 Scaliger
908 1162 975 1248 (2),
994 1159 1143 1229 lacobus

113 1287 154 1348 et
166 1277 343 1348 Cornelius
356 1277 510 1365 Martini,
531 1277 636 1348 etalii
656 1299 747 1368 quos
760 1278 938 1347 nominare
953 1278 1094 1366 longum
1110 1286 1144 1346 et
1188 1271 1201 1300 ⁹

116 1397 239 1466 forsan
254 1395 373 1466 inutile
389 1396 476 1466 foret
488 1394 557 1489 (3).

169 1515 252 1586 Haeo
268 1515 313 1586 de
328 1515 467 1586 Rameae
488 1513 715 1608 philosophiae
737 1514 880 1584 historia
899 1522 934 1584 et
953 1512 1031 1582 latis
1049 1511 1142 1583 dicta

116 1632 199 1704 sint.
218 1633 319 1703 Nunc
343 1643 501 1727 superest
523 1643 562 1704 ut
580 1633 753 1724 quidquid
774 1634 871 1704 Remi
899 1632 1078 1704 dialectiea
1097 1631 1142 1702 ad

117 1752 296 1822 veritatem
315 1752 498 1823 contulerit
514 1753 766 1845 expendamus.

167 1868 217 1938 De
235 1868 373 1938 nomine
397 1869 546 1961 primum
561 1869 740 1944 dialecticae
760 1869 935 1959 agendum
949 1877 1021 1956 est3
1047 1866 1144 1958 quod

117 1986 261 2076 quidem
268 1987 396 2057 llamus
403 1989 439 2058 in
448 1988 561 2080 topicae
568 1989 682 2058 locum
693 1986 789 2058 haud
801 1987 991 2059 admodum
1000 1985 1143 2056 feliciter

117 2102 298 2176 induxisse
315 2105 397 2174 mihi
410 2105 559 2177 videtur.
579 2106 631 2176 Ne
648 2124 732 2176 vero
752 2104 808 2174 hic
825 2105 869 2176 de
882 2104 1141 2176 verbistautum

117 2220 288 2314 disputari
301 2231 396 2315 putet
412 2222 553 2313 aliquis.
570 2231 692 2292 caveat
707 2243 764 2311 ne,
780 2220 1138 2307 mutatadefinitione,

118 2347 269 2410 mutetur
284 2340 359 2433 ipsa
376 2339 499 2430 logicae
513 2340 667 2410 materia.
685 2342 774 2409 Dum
794 2340 884 2410 enim
900 2339 1013 2429 logica
1033 2347 1141 2408 artem

117 2456 293 2547 cogitandi
333 2455 522 2548 siguificat,
563 2455 858 2528 ratiocinationem
900 2455 1140 2524 tantummodo

119 2572 298 2645 dialectiea
320 2575 480 2666 designat
500 2600 509 2644 ε
529 2595 610 2664 quae
638 2572 814 2668 praecipua
837 2571 1002 2665 quaedam
1018 2571 1142 2642 mentis

118 2691 190 2762 sive
205 2693 349 2763 rationis
364 2693 543 2784 cogitatio,
556 2713 626 2763 nou
644 2700 758 2763 autem
773 2691 886 2762 omnis
899 2698 952 2761 est
961 2689 1136 2780 cogitatio.

118 2809 200 2881 lnde
218 2812 347 2882 lactum
361 2821 414 2882 est
431 2821 470 2882 ut
490 2810 587 2882 Remi
604 2811 786 2882 dialectica
802 2809 885 2881 nihil
900 2830 971 2880 non
989 2807 1141 2898 logicum

118 2927 174 3021 (ut
188 2937 281 3004 recte
291 2929 488 3002 Gaseeudus
504 2927 710 3026 observat),
732 2952 802 3001 non
817 2940 932 3002 autern
945 2929 1058 3020 logica
1068 2949 1144 2998 om·

119 3045 173 3117 nia
192 3048 383 3122 contineret
399 3047 466 3141 (l).
482 3048 580 3120 Certa
598 3049 690 3120 enim
703 3049 903 3120 definitione
916 3049 1048 3142 posita,
1068 3069 1143 3139 per·

119 3167 224 3238 multa
241 3166 369 3240 Remus
383 3189 425 3240 ea
443 3177 558 3240 mente
572 3168 709 3256 omisit,
729 3177 768 3238 ut
780 3167 913 3237 inutilia
930 3167 1046 3237 omnia
1059 3164 1143 3255 ahji

148 3504 181 3565 (l)
196 3502 290 3553 Remus
302 3505 418 3566 epistolas
433 3511 541 3572 quatuor
551 3505 582 3555 ad
596 3504 617 3554 J.
637 3502 785 3564 scheglrtum
795 3503 877 3561 mult.
889 3513 996 3563 quorum
1010 3504 1060 3550 tres
1071 3501 1098 3548 ln
1110 3500 1139 3550 Ρ.

118 3583 187 3637 urm
201 3591 227 3636 et
242 3587 305 3638 lud.
322 3587 397 3638 Talml
407 3587 572 3638 (tellectanelt
584 3593 633 3638 ete.
650 3589 769 3650 repertas.
784 3586 838 3636 illd.
857 3585 935 3635 Colat
953 3597 994 3648 op.
1007 3583 1085 3635 llaml.
1101 3584 1138 3634 ct

118 3671 271 3734 Nunechgp.
285 3675 324 3722 (36.

146 3752 181 3813 (²)
194 3751 249 3801 th.
262 3751 352 3814 hayla,
363 3752 427 3802 Dict.
441 3751 501 3802 hlal.
512 3757 538 3802 et
548 3753 617 3808 erlo,
631 3751 649 3800 l.
664 3764 703 3808 c..
719 3755 772 3800 not.
782 3750 811 3800 0.

146 3832 244 3898 (olllld.
257 3835 383 3889 Brochoi..
398 3836 418 3886 l.
432 3849 466 3896 c..
476 3834 508 3898 §S
519 3834 551 3897 ll,
564 3833 605 3886 lll.
619 3834 657 3890 ct.
668 3834 781 3892 hornut..
795 3834 926 3897 Polyhlst..
940 3839 960 3884 t.
971 3834 1001 3893 ll,
1011 3834 1028 3886 l.
1044 3833 1068 3893 l,
1078 3845 1101 3881 c.
1112 3833 1141 3891 l.

3 3921 6 3938 '
117 3920 176 3978 §²0-
190 3917 319 3968 lulensum
331 3931 467 3982 quoquest
478 3917 557 3968 hamo
567 3920 682 3981 praestitit
690 3918 711 3968 l.
722 3918 912 3980 thelame-utus
920 3917 1041 3966 lraecsunt
1049 3915 1135 3964 verba:

121 4001 271 4062 chunonem
286 4001 328 4050 ille
341 4013 449 4062 magnus
462 4003 524 4061 erit,
540 4003 579 4050 cul
597 3999 691 4051 liumus
705 4013 820 4061 mugnus.
834 4017 845 4042 υ
860 4000 935 4062 Epist.
950 3997 1135 4048 discalceent.

118 4083 134 4143 Ι,
146 4085 384 4229 (ἓς.ὶῗίῗ1.ῦυεεεηᾱ.,
395 4167 429 4216 lle
441 4167 524 4228 logicat
533 4165 592 4227 llus,
604 4181 625 4216 c.
635 4171 661 4226 o,
671 4173 694 4214 et
706 4165 784 4215 luntlt.
800 4165 814 4212 lt
823 4177 847 4223 g.
858 4161 954 4212 l‘ratlat.
963 4161 999 4210 (ll.
1010 4161 1138 4218 Bructer..

117 4249 206 4310 period.
217 4249 259 4311 lll,
272 4255 334 4312 part
352 4248 382 4306 ll,
395 4250 411 4298 l.
427 4249 455 4308 ΙΙ,
467 4265 489 4297 r.
505 4247 553 4312 μς
567 4253 589 4298 8.
