2916 5062
514 453 707 524 ..19-

98 616 283 711 praeceptis
300 615 401 686 onice
414 615 665 687 commendata.
689 614 733 687 At
746 618 910 708 quoniam
922 617 1120 689 Petrusita·

98 756 179 804 mus
190 733 405 804 neutonam
416 735 582 804 animadv.
599 732 823 806 Aristoteleos
834 736 1046 806 dormientes
1057 737 1125 807 vel·

101 850 207 920 linare
219 871 326 924 ausus
341 857 433 938 erat,
449 849 541 920 Dens
557 850 664 928 bonel
682 852 876 928 meminisse
893 853 1027 942 horret,
1045 875 1127 946 quae

103 968 320 1058 contigerint.
355 969 421 1038 lies
452 968 641 1041 atrociores
668 971 928 1064 praetermittam
962 969 1015 1068 (i)
1043 997 1051 1040 :
1082 995 1131 1054 ex

102 1085 317 1166 Aristoteleis
329 1087 500 1158 neminem
512 1088 725 1178 nominabo,
740 1112 910 1161 summam
924 1113 1038 1162 rerum
1052 1091 1130 1162 sim·

103 1205 239 1300 pliciter
253 1205 433 1297 attingam.
448 1205 516 1278 vix
531 1208 749 1280 Aristotelicoe
763 1213 1060 1282 animadversiones
1076 1210 1130 1305 (2)

106 1326 207 1403 lectae
221 1333 339 1413 erant,
359 1345 467 1415 quum
492 1326 612 1396 Petrus
628 1325 758 1396 Remus
775 1347 846 1396 non
873 1327 918 1397 ad
941 1327 1129 1397 humanam

106 1445 263 1536 aliquam
282 1454 316 1516 et
334 1444 440 1514 literis
461 1444 623 1514 usitatam
641 1445 911 1538 disputationem
931 1444 976 1514 ab
993 1442 1133 1516 Acade«

107 1563 178 1635 mia
204 1571 370 1647 vocatur,
399 1562 462 1634 sed
493 1562 538 1634 ad
564 1563 718 1655 praetorii
746 1562 927 1633 tribunalis
953 1562 1133 1656 oapitalem

109 1681 365 1753 contentionem
379 1703 442 1774 per
459 1690 571 1752 certos
588 1681 745 1757 homines
760 1683 813 1769 (3)
833 1681 919 1751 salso
936 1679 1134 1752 Academiae

109 1800 251 1871 nomine
268 1799 412 1893 rapitur,
434 1799 587 1890 novique
610 1809 644 1869 et
665 1808 745 1872 ante
766 1799 859 1869 huno
875 1799 967 1869 diem
988 1799 1134 1871 inauditi

110 1913 265 1986 oriminis
277 1923 473 2001 accusatur,
489 1914 585 2004 quod
598 1912 771 1990 Aristoteli
784 1913 1028 2007 repugnando,
1042 1915 1135 1985 theo

110 2033 242 2122 logiam
257 2041 290 2104 et
305 2041 397 2111 artes
413 2041 605 2102 enervaret.
628 2033 701 2102 Hac
717 2032 809 2111 enim
825 2032 982 2102 oratione
999 2029 1133 2102 Aristo·

111 2151 201 2222 telea
228 2151 318 2223 actio
350 2151 503 2222 instituta
531 2158 595 2220 est.
631 2149 718 2220 Hinc
752 2147 1034 2220 Aristotelecrum
1064 2151 1136 2220 cla-

113 2269 270 2350 moribus
306 2269 351 2341 ad
378 2290 551 2348 summum
587 2267 788 2346 Parisiensis
818 2267 925 2338 curiae
955 2267 1135 2346 consilium

9 2425 10 2432 1
114 2387 308 2462 traducitur
337 2413 345 2456 :
376 2385 502 2460 deinde
527 2407 607 2456 cum
629 2386 782 2476 legitimo
808 2385 931 2476 judieii
961 2406 1057 2455 more
1082 2405 1138 2454 res

10 2555 11 2572 i
116 2505 172 2596 agi
174 2555 269 2578 ......
289 2503 477 2590 videretur,
500 2502 600 2576 novis
618 2502 751 2573 antibus
775 2509 935 2573 asenatu
958 2499 1138 2592 parisiensi

116 2624 161 2702 ad
186 2623 321 2714 regiam
347 2621 579 2713 cognitionem
605 2621 773 2712 disjicitur
799 2618 853 2714 (i)
879 2643 887 2686 ε
918 2639 988 2708 qua
1014 2617 1140 2687 consti·

118 2745 198 2814 tutis
219 2741 372 2834 quinque
385 2739 576 2831 judicibus,
597 2739 687 2809 binis
703 2761 749 2809 ex
769 2747 918 2828 utraque
943 2744 1041 2828 parte
1063 2734 1134 2832 (5),

117 2862 241 2962 quinto
251 2859 347 2950 regia
360 2857 639 2936 denominatione
655 2857 851 2948 designato,
862 2877 1003 2938 causam
1014 2854 1059 2934 de
1071 2855 1139 2925 sin-

150 3144 186 3209 (1)
199 3145 293 3207 Nempe
309 3146 429 3197 atrociora
445 3141 567 3199 nonnulla
578 3141 664 3191 retulit
677 3142 730 3204 ipse
745 3140 796 3191 iac.
809 3139 993 3202 carpentarius,
1017 3137 1141 3188 Animad-

118 3232 228 3280 version.
240 3230 266 3277 ln
278 3227 343 3281 litai.
361 3227 440 3277 instit.
453 3225 482 3276 Ρ.
498 3223 585 3283 liaml,
601 3223 642 3273 iol.
657 3226 688 3275 to
701 3236 755 3286 sqq.
771 3222 808 3272 Gi.
826 3223 855 3280 P.
871 3221 987 3272 Gniiand.
1003 3223 1029 3269 in
1042 3222 1070 3271 P.
1083 3220 1143 3269 Cae

120 3311 292 3374 indomitis,
311 3323 335 3374 p.
351 3312 382 3360 it
395 3322 432 3371 sq.

25 3457 27 3466 y
150 3394 186 3460 (i)
200 3394 289 3444 solnm
303 3395 372 3443 enim
384 3391 433 3442 boc
446 3403 508 3453 opus
522 3391 621 3447 ridetur
637 3390 855 3454 Peripateticorum
870 3384 1066 3445 indignationem
1085 3394 1143 3432 mo-

26 3531 27 3553 *
121 3481 195 3626 ¹¹⁸3)-
215 3517 241 3610 ld
258 3561 297 3609 est
312 3557 476 3616 iiontneiiom
498 3561 635 3619 rectorem,
659 3553 855 3613 Goveauumqno
875 3553 900 3601 et
917 3547 1094 3610 (innitendum,
1116 3561 1145 3598 ne

28 3643 29 3672 r
122 3647 147 3698 in
163 3645 254 3707 pnmb
268 3643 378 3693 doctores
390 3641 531 3702 theologice
544 3639 684 3700 facultatis,
705 3640 769 3688 inter
787 3647 850 3699 quos
869 3636 962 3699 primas
977 3632 1078 3683 tenebat
1098 3633 1145 3682 sn-

123 3727 258 3788 iignnetos.

153 3809 190 3874 (i)
211 3807 358 3859 Galinndion
371 3808 453 3860 nmine
473 3805 590 3856 utebatur
609 3805 637 3864 Ρ,
652 3803 804 3859 Casteilnno.
823 3803 867 3864 qui
885 3811 968 3861 regom
985 3799 1146 3848 arnncismm

124 3894 253 3949 admonuit
263 3891 426 3952 hortatosque
434 3893 474 3940 est
485 3895 513 3939 ut
525 3889 596 3949 llami
611 3889 770 3939 insolentiam
783 3888 935 3950 reprimeret,
949 3883 1054 3944 ideoque
1064 3894 1102 3930 res
1115 3880 1147 3929 nd

125 3976 253 4040 publicam
263 3973 456 4036 disputationem
468 3972 515 4020 nub
526 3977 605 4028 certos
615 3971 711 4031 judices
721 3971 897 4020 remitteretur.
904 3965 960 4015 Vid.
973 3965 1000 4014 P.
1013 3961 1147 4020 msiaiiani

127 4054 207 4105 l'itam
220 4067 265 4118 per
278 4055 306 4104 P.
316 4053 441 4113 Galiand.‚
453 4065 525 4110 pum.
537 4055 577 4114 tt,
590 4066 615 4122 p.
627 4053 657 4102 'it
668 4065 723 4114 sqq.

157 4137 193 4200 (⁵)
209 4136 269 4188 Ant.
282 4136 426 4196 Goveanrm
444 4137 540 4200 privato
555 4135 632 4188 simui
646 4147 675 4183 nc
687 4133 787 4196 punine
804 4131 942 4182 Academia
961 4125 1076 4184 nomine,
1095 4133 1150 4182 nese

129 4218 205 4276 tamo
215 4221 386 4271 advenarium
395 4203 499 4272 dicando
507 4217 685 4280 scribendoque
695 4219 814 4274 acerrime
824 4213 980 4277 opposuerat,
989 4220 1040 4258 non
1051 4212 1151 4270 tanturn

130 4303 271 4360 ambitionis
280 4315 369 4361 mnan,
382 4305 448 4360 dont
457 4307 541 4366 posteo
551 4301 573 4352 i.
586 4301 775 4364 carpentarios,
786 4297 913 4355 sedetiam
926 4299 953 4354 nt
968 4305 1012 4357 pro
1023 4292 1152 4354 tristoieln
