2912 5066
691 365 911 436 435..

289 527 439 598 loannes
454 525 622 598 Hourious
636 525 811 598 Alatedius
826 523 897 621 (l),
914 545 1005 616 quos
1015 524 1315 598 Aristotelioo-lla·

168 705 174 722 ,
291 663 389 714 meos
409 643 516 715 luisse
534 643 656 716 assant
673 642 878 714 Bruokerus.
904 643 976 712 Nec
997 643 1033 712 in
1054 642 1238 713 Germania
1255 641 1317 713 de·

290 761 428 832 inerunt
445 760 523 851 qui,
547 761 602 832 vel
621 761 710 831 inter
729 760 1004 851 iureconsultos,
1024 760 1161 830 Ramais
1181 782 1219 831 se
1237 781 1320 852 par

290 875 611 964 numerationem,
631 878 845 948 sternentem
858 876 1060 948 methodum
1073 897 1119 948 ex
1131 877 1320 948 dialectiea
1432 951 1433 956 ,

289 993 415 1064 Remea
443 994 489 1065 ad
512 992 795 1087 jurisprudentiae
824 1015 925 1065 usum
953 993 1193 1080 traduoerent,
1224 1000 1321 1064 teste
1432 1045 1433 1066 2

290 1109 488 1184 Christiano
504 1111 707 1200 Thomasio,
724 1112 786 1204 qui
803 1109 965 1184 Matthaeo
981 1111 1208 1183 Wesenbeoio
1223 1111 1322 1181 hane
1432 1155 1433 1212 ss

292 1227 495 1302 methodum
524 1228 627 1300 valde
655 1229 827 1321 placuisse
852 1229 1001 1301 affirmat
1029 1225 1122 1322 (2).
1155 1227 1248 1311 Quin
1282 1227 1319 1296 in

294 1345 507 1438 theologiam
522 1346 689 1440 impetum
702 1345 1007 1427 leoitllamismus‚
1026 1354 1131 1436 atque
1147 1343 1320 1436 theologis

293 1463 506 1556 quibusdam
517 1463 607 1538 adeo
618 1464 748 1557 placuit
759 1517 768 1552 ,
781 1473 819 1535 ut
832 1463 1044 1536 adLeihnitii
1057 1471 1319 1554 usquoaetatem

295 1603 423 1675 magna
443 1585 615 1656 imeretur
631 1583 848 1656 auctoritate.

343 1701 591 1772 verumetiam
614 1701 705 1772 ultra
724 1699 918 1772 Germaniae
939 1698 1025 1772 fines
1044 1699 1143 1772 llami
1161 1699 1317 1793 philoso-

296 1815 377 1909 phia
402 1817 565 1908 pervasit.
590 1815 646 1888 Ad
663 1817 779 1888 Dauos
802 1837 914 1908 usque
936 1816 1150 1909 penetravit,
1176 1826 1319 1888 auctore

297 1933 436 2006 Andree
450 1935 598 2026 Kragio,
613 1934 845 2029 philosophiae
857 1935 952 2028 apud
965 1931 1168 2006 hafnienses
1182 1936 1318 2028 proles-

296 2073 396 2140 sore,
413 2051 475 2144 qui
488 2061 568 2145 post
579 2054 789 2146 explicatum
806 2052 1024 2124 auditoribus
1038 2052 1110 2124 suis
1122 2053 1317 2140 Platonem,

296 2169 441 2240 Remum
465 2189 609 2262 quoque
632 2179 666 2240 et
689 2169 825 2242 tradere
846 2179 880 2240 et
901 2171 1069 2242 adversus
1086 2170 1318 2242 Aristoteliam

297 2307 374 2358 rum
388 2286 582 2358 calumnias
596 2287 775 2360 vindicare
788 2307 859 2358 uon
873 2287 1046 2360 dubitavit
1061 2285 1125 2382 (3).

346 2403 452 2500 npuu
465 2405 588 2496 Belgas
607 2405 825 2493 dilatares,
842 2414 915 2476 tum
932 2405 1008 2474 Nio.
1025 2404 1178 2476 Nanoelii
1194 2405 1313 2476 lectio·

297 2523 401 2594 nibus
419 2521 492 2618 (i),
511 2531 584 2593 tum
606 2521 780 2616 liudolphi
802 2522 918 2594 Suellii
939 2519 995 2618 (5)
1015 2523 1080 2594 viri
1106 2522 1316 2595 oeleberrimi

298 2640 502 2711 auctoritate
520 2639 714 2711 Ramismus
730 2639 893 2711 innotuit.

346 2755 384 2824 ln
399 2755 523 2846 Anglia
543 2777 685 2847 quoque
701 2765 735 2826 et
747 2757 861 2828 Sootia
879 2755 1105 2828 admiratores
1117 2763 1317 2826 sectatores

298 2891 367 2962 que
382 2870 477 2941 haud
491 2893 623 2962 paucos
638 2881 761 2945 neotus
778 2884 830 2946 est
847 2875 976 2948 Remus
993 2901 1001 2944 :
1021 2874 1108 2945 inter
1124 2894 1213 2964 quos
1226 2873 1317 2944 illus-

297 2989 465 3060 trissimos
483 2988 578 3058 viros
603 2990 782 3062 nominare
800 2993 902 3082 licet,
922 2994 1090 3064 Jaoohum
1104 2993 1316 3078 Stevamum,

326 3351 362 3415 (1)
381 3347 975 3414 arnam.,-par.tlt,pntinulta.1,rrr.
1035 3396 1038 3400 ,

326 3437 360 3494 (2)
376 3435 405 3484 lu
420 3435 528 3496 cantol..
538 3449 562 3486 o.
571 3433 601 3494 ll,
613 3437 679 3496 Sti,
691 3435 757 3499 apud
767 3435 868 3495 llruolr.¹
881 3433 978 3498 thid.,§
994 3439 1022 3486 to
1031 3435 1079 3486 sub
1090 3429 1136 3486 lin»

328 3518 365 3571 (³)
382 3513 482 3574 Bruck„
498 3517 515 3566 l.
529 3530 574 3566 a·
589 3517 708 3578 Quamvis
726 3518 798 3579 Dani,
812 3520 926 3567 auctorit.
938 3515 1039 3580 publiea
1055 3513 1217 3568 ordinationis
1230 3511 1312 3569 aoolas.

297 3595 430 3646 Ghrlstlani
441 3595 492 3655 ill,
504 3597 792 3650 Malanohth.·dlulaotloa
800 3605 938 3661 uterentur.
950 3611 1000 3649 non
1009 3603 1138 3663 pertimuit
1146 3606 1232 3651 tamon
1241 3599 1315 3650 Anne

296 3679 496 3740 Kasianon..

328 3759 365 3825 (i)
380 3759 523 3821 Nanoellus,
532 3759 563 3810 ab
575 3771 643 3811 anno
654 3765 712 3812 1562
722 3764 753 3813 ad
762 3776 860 3815 aunum
873 3769 943 3826 titt,
955 3767 1030 3816 littaei
1043 3769 1125 3828 regius
1134 3766 1254 3830 professor
1263 3765 1312 3815 luit.

295 3847 349 3897 l'ld.
372 3845 425 3895 Nlo.
446 3843 555 3896 Naucelli
577 3843 715 3908 Trachyenl
732 3847 946 3901 horiendunenals
967 3851 995 3900 Ι).
1017 3846 1085 3901 mad.
1104 3849 1312 3900 Declamationum

294 3931 366 3990 liber,
377 3931 466 3990 Parta,
480 3933 550 3980 1599.

327 4014 360 4077 (5)
378 4014 442 4064 llud.
455 4015 576 4074 snelllus,
594 4013 657 4075 ling.¹
671 4013 739 4064 hebr.
758 4015 875 4064 almath.
894 4016 1014 4079 professor
1037 4016 1222 4078 Lugdunensis,
1243 4015 1313 4066 solide

294 4101 319 4144 at
344 4101 471 4160 perspicua
499 4098 571 4148 Remi
591 4103 714 4161 praeoapta
744 4098 893 4159 illustravit,
919 4102 944 4150 in
968 4103 1130 4162 syntagmata
1158 4098 1315 4167 philosophia·

246 4201 250 4214 ι
297 4179 401 4230 llumeae.
415 4180 469 4230 Vld·
483 4182 546 4230 inira
559 4182 637 4236 Cttsl.
651 4195 692 4245 op.
707 4181 786 4232 llnmi.
