2916 5062
753 421 947 498 44)(-

336 593 371 655 ot
385 586 646 655 malumcoram
669 593 704 654 te
726 583 808 671 leci3
828 583 961 674 judicia
985 594 1043 654 tua
1068 584 1195 654 veritas
1212 593 1246 654 et
1261 583 1369 674 justi-

338 701 397 772 tia.
416 700 578 772 Miserere
594 701 662 771 mei
678 755 687 789 ,
701 709 735 773 et
756 700 1032 771 interlectoribus
1047 701 1189 791 ignosce
1203 701 1368 772 nescien-

337 799 440 892 tibus¹
466 821 553 913 quid
574 821 703 890 faciant
727 817 797 914 (l).
830 845 847 886 n
878 819 971 908 ,Ecce
1003 828 1118 890 autem
1142 819 1187 890 de
1223 821 1373 891 duobus

337 939 535 1012 subornatis
560 937 743 1009 homicidis
761 937 856 1030 prior
868 934 958 1032 (duo
985 937 1077 1008 enim
1102 937 1294 1030 praecipui,
1321 936 1375 1007 ait

336 1059 532 1144 Nancelius‚
547 1079 648 1129 ¹suam
662 1077 803 1150 operam
813 1057 904 1132 hosti
915 1066 949 1128 et
960 1058 1144 1150 tragoediae
1155 1057 1259 1150 hujus
1275 1079 1373 1128 auc-

338 1177 405 1248 tori
432 1178 606 1265 locarant,
622 1184 737 1247 sartor
753 1195 863 1264 unus,
886 1176 972 1247 alter
992 1195 1077 1246 vero
1100 1175 1278 1269 apparitor
1303 1195 1371 1247 seu

339 1290 465 1378 lictor,
487 1309 591 1380 quem
610 1290 716 1388 vulgo
735 1288 1095 1382 serpentcmdicimus)
1110 1340 1119 1376 ‚
1136 1288 1300 1359 tendens
1326 1311 1372 1359 ac

340 1411 518 1500 dejerans,
534 1409 709 1500 catapulta
720 1405 850 1500 duplici
865 1407 972 1498 globo
984 1407 1095 1477 ferreo
1110 1415 1242 1478 armata
1258 1419 1372 1500 caput

340 1527 472 1599 orantis
488 1527 565 1598 ierit
579 1528 645 1619 (2).
662 1524 758 1596 Alter
778 1544 888 1617 quum
909 1526 1099 1619 spirantem
1116 1524 1230 1596 adbuc
1246 1533 1281 1596 ct
1294 1547 1370 1616 qua

340 1651 476 1737 poterat
491 1663 580 1713 voco
595 1642 789 1734 spirituque
805 1659 927 1734 preces
946 1641 1193 1712 instaurantem
1210 1637 1365 1726 videret,

340 1783 457 1832 ensem
472 1751 598 1852 capulo
616 1768 716 1830 tenus
731 1761 766 1830 in
788 1761 973 1832 adversum
1000 1759 1176 1832 thoracem
1198 1759 1371 1830 transadi-

342 1879 403 1970 git.
425 1877 623 1949 Procumbit
639 1877 736 1948 humi
753 1897 881 1972 corpus
893 1879 1045 1949 hominis
1062 1865 1247 1972 plusquam
1265 1879 1370 1949 semi-

341 1997 453 2085 necis,
469 2005 505 2066 et
522 2003 668 2087 utraque
683 1997 836 2068 vulneris
851 2005 949 2090 parte
970 1998 1177 2088 sanguinem
1205 1993 1365 2071 effundit..

236 2135 239 2142 ’
341 2116 552 2188 Prehensum
563 2117 714 2186 latrones
727 2116 905 2208 apedibus
917 2138 978 2210 por
991 2116 1189 2186 cubiculum
1203 2115 1365 2188 trahuutx

344 2243 492 2305 tractum
512 2241 616 2326 caput
635 2242 669 2304 et
682 2235 757 2304 solo
773 2242 808 2304 et
821 2233 1018 2326 pavimento
1034 2243 1069 2306 et
1084 2234 1288 2305 transversis
1299 2243 1353 2304 tra
1368 2279 1371 2286 -

343 2353 448 2424 bibus
464 2352 619 2441 illiditur,
632 2352 783 2422 oruentis
794 2353 949 2444 vestigiis
961 2374 1022 2445 per
1036 2374 1146 2424 annos
1157 2353 1273 2445 plures
1286 2353 1370 2422 faci-

344 2471 700 2544 norisimmanitatem
716 2471 933 2542 testamibus.
945 2469 1097 2543 Additur
1107 2471 1226 2542 sceleri
1238 2473 1367 2555 scelus,

342 2598 379 2662 et
398 2590 563 2682 nequitiae
577 2575 580 2580 ⁵
592 2597 626 2660 et
648 2589 841 2662 crudelitati
875 2589 1025 2662 solertia.
1047 2589 1239 2682 Abreptum
1260 2601 1370 2680 grave

345 2709 502 2802 corporis
530 2729 620 2779 onus
637 2729 659 2780 e
674 2710 828 2780 fenestra
856 2709 891 2778 in
917 2730 1031 2779 aream
1064 2707 1301 2802 praecipitant,
1324 2703 1370 2781 'ab

346 2826 526 2896 altitudine
556 2805 727 2917 graduum
757 2827 891 2898 circiter
916 2836 1054 2899 centum
1081 2827 1285 2897 devolutum
1299 2829 1368 2918 (3).

344 2945 431 3013 Tum
445 2943 524 3013 licet
538 2943 654 3014 effusis
668 2943 859 3016 visceribus
875 2943 928 3040 (l)
946 2945 1094 3015 informo
1111 2953 1245 3014 tantum
1260 2943 1368 3018 cada-

345 3081 406 3131 ver
423 3081 605 3153 superesse
625 3059 820 3150 videretur,
840 3064 995 3134 nondum
1018 3061 1188 3132 exsatiata
1213 3061 1370 3136 ¹hos-tium

344 3177 532 3259 crudelitas
548 3199 656 3270 genus
672 3178 776 3249 etiam
791 3179 886 3250 aliud
907 3178 1069 3272 supplicii
1084 3177 1262 3269 excogitat
1279 3204 1288 3245 ε
1307 3197 1370 3269 pe-

346 3297 547 3370 dibus'luue
562 3297 750 3386 devinctis,
767 3319 828 3391 per
847 3297 946 3382 urbis
960 3297 1037 3368 vias
1057 3317 1187 3390 corpus
1211 3295 1370 3368 devolvi·

346 3425 416 3503 tur,
431 3424 465 3486 et
476 3416 588 3510 capite
603 3437 625 3486 a
638 3415 800 3508 chirurgo
817 3414 970 3507 quodam
987 3423 1179 3508 amputato,
1198 3415 1370 3505 reliquum

346 3541 509 3602 truncum
526 3535 563 3618 in
579 3535 778 3625 Sequanam
803 3535 931 3606 ssumen
949 3533 1091 3625 indigne
1106 3533 1287 3626 projicitur
1301 3536 1366 3623 (5).

381 3841 415 3904 (1)
428 3839 518 3890 Banos.
531 3874 537 3898 ,
554 3851 580 3901 p..
598 3841 641 3898 3⁴3
654 3837 691 3888 Cl.
703 3838 762 3891 Ant.
771 3821 889 3898 latrator,
901 3829 970 3902 Elog.
984 3839 1027 3888 des
1039 3839 1065 3888 h.
1080 3851 1150 3900 sau,
1162 3843 1181 3892 t,
1193 3839 1229 3899 ll,
1242 3837 1259 3887 Ι.
1271 3851 1293 3886 c.

381 3925 415 3988 (2)
426 3923 543 3982 Nancd„
554 3936 578 3986 p.
592 3925 622 3972 ts
634 3937 642 3970 ι
655 3921 783 3986 «Utroque
793 3913 877 3972 tumen
890 3923 961 3986 globo
970 3925 997 3972 tn
1010 3926 1102 3986 pariete
1111 3923 1206 3983 objecto
1216 3923 1267 3971 alta
1281 3923 1370 3984 impri-

346 4013 432 4063 mente
441 4006 506 4072 (quae
514 4007 654 4057 etutdimus
666 4011 690 4057 at
697 4007 853 4070 palpavimus
862 4007 918 4069 ipsi)
931 4009 1067 4068 vestigia.»

379 4095 415 4155 (3)
430 4093 464 4142 td,
477 4129 484 4153 ,
496 4105 522 4154 p.
533 4094 571 4152 75,
588 4095 627 4143 tt.
644 4091 679 4140 Cf,
694 4093 772 4140 Scaev.
784 4091 944 4150 sammarth..
959 4090 1038 4152 Elog„
1049 4091 1067 4140 l.
1077 4091 1112 4150 ll,
1125 4091 1186 4152 elog.
1201 4089 1227 4141 P.
1241 4089 1322 4138 Ramt.

381 4178 414 4238 (t)
425 4177 459 4225 De
467 4175 547 4234 l'bou,
558 4173 603 4226 lib.
617 4175 666 4236 b'll,
681 4175 727 4224 sub
738 4173 782 4223 ssn.
1066 4228 1070 4238 ,

380 4261 412 4321 (ὁ)
429 4259 528 4318 Barros..
544 4272 569 4320 p.
582 4262 624 4316 353
641 4261 717 4312 Scau.
728 4254 894 4328 sammarth„
912 4257 986 4317 tbtd.;
1004 4258 1151 4310 Nancclins.
1170 4269 1194 4319 p.
1212 4259 1251 4306 to.
1265 4257 1370 4310 Porcus*
