2912 5066
561 401 773 475 -llt7-

149 559 336 630 necessarii
362 567 395 629 et
419 560 649 652 contingentis
672 562 863 656 syllogismi
888 563 1168 636 distinctionem:

150 701 229 769 quae
253 679 393 770 qnidam
419 679 560 750 omissio
580 681 719 770 gravior
740 682 775 752 in
800 683 908 753 Ramo
928 684 1044 754 forsan
1072 695 1169 772 erat3

150 816 325 887 namque,
357 795 387 864 si
415 796 582 867 Gassendi
613 795 720 867 verba
750 821 919 892 usurpare
953 800 1052 887 licet,
1099 825 1117 868 «-
1136 811 1173 871 ut

151 914 292 984 axioma
309 913 509 986 distinctum
529 913 564 983 in
581 917 814 986 necessarium
832 929 867 988 et
881 919 1083 1010 contingens
1102 921 1174 990 lue-

151 1040 228 1118 rat,
248 1030 299 1100 sio
314 1030 498 1101 videbatur
514 1037 631 1124 operae
647 1033 796 1125 pretium
813 1034 993 1127 quidpiam
1007 1036 1110 1106 etiam
1130 1037 1174 1108 de

150 1148 345 1220 necessario
361 1157 395 1219 et
420 1149 639 1239 contingente
661 1151 877 1245 prohabilive
896 1153 1096 1245 syllogismo
1120 1163 1173 1224 at-

152 1267 297 1358 tingere.
316 1267 407 1350 Quin
426 1289 515 1359 opus
532 1268 635 1338 etiam
653 1269 837 1339 videbatur
854 1268 1032 1362 quidpiam
1053 1270 1098 1341 de
1116 1272 1175 1343 lal-

153 1384 218 1454 laci
240 1384 441 1478 syllogismo
462 1386 583 1455 saltem
604 1385 815 1474 admonere,
843 1407 908 1472 ne,
930 1407 1008 1456 cum
1026 1385 1173 1456 in'illum

152 1499 360 1588 incidimus,
380 1499 539 1592 imparati
554 1499 600 1570 ad
616 1501 819 1573 solvendum
833 1501 940 1572 simus
957 1505 1021 1593 (l).
1042 1527 1059 1570 u
1081 1502 1120 1571 ln
1133 1523 1173 1572 ea

153 1619 258 1710 igitur
275 1617 399 1708 logicae
420 1627 517 1710 parte
536 1618 665 1688 Ramus
679 1620 816 1710 quoties
837 1620 882 1690 ab
900 1618 1081 1690 Aristotele
1106 1621 1174 1690 dis·

151 1736 273 1824 sentit,
295 1735 331 1806 in
351 1756 502 1806 errorem
522 1736 673 1827 aliquem
696 1737 836 1823 incidit;
863 1737 1035 1829 quidquid
1060 1747 1174 1808 autem

153 1855 241 1926 bene
260 1854 379 1925 docuit
395 1907 404 1943 ,
429 1877 475 1925 ex
492 1853 684 1927 Aristotelis
698 1857 795 1928 libris
817 1857 1041 1950 deprompsit.

202 1972 294 2060 Sed,
326 1995 370 2044 nc
403 1973 438 2044 in
465 1973 674 2066 simplicium
704 1975 983 2068 syllogismorum
1018 1976 1174 2048 doctrina

16 2087 17 2134 ἶ
108 2167 113 2178 ,
154 2089 376 2160 immoremur
403 2088 550 2178 diutius,
583 2090 620 2160 id
644 2113 737 2160 nunc
758 2112 920 2181 agamus,
952 2115 1023 2183 quo
1047 2094 1175 2164 Ramus

154 2207 287 2300 optime
302 2208 345 2278 de
359 2208 473 2298 logica
488 2217 562 2278 arte
580 2209 726 2278 meruit:
743 2210 854 2302 ipsam
873 2211 1016 2301 inquam
1036 2211 1175 2282 distinc-

154 2325 282 2399 tionem
313 2326 402 2397 inter
430 2325 602 2418 simplices
634 2336 668 2396 et
702 2328 912 2418 compositos
941 2329 1171 2421 syllogismos.

154 2446 285 2515 Horum
312 2445 403 2514 enim
427 2453 535 2514 artem
553 2443 755 2514 Aristoteles
773 2465 945 2534 nusquam
968 2445 1093 2531 tradit,
1113 2467 1174 2516 ve·

154 2574 314 2654 teresque
340 2563 504 2655 deinceps
529 2563 633 2652 logici
657 2562 810 2634 iudicant
836 2561 951 2654 potius
978 2583 1084 2653 quam
1111 2564 1173 2634 de·

154 2691 359 2754 monstrant.
378 2683 474 2751 Illam
486 2690 601 2752 autem
617 2681 714 2752 llami
727 2680 961 2753 inventionem
979 2682 1176 2753 Gassendus

155 2811 384 2890 auctoresque
401 2799 495 2870 Artis
510 2799 686 2890 cogitandi
704 2799 880 2892 propriam
896 2799 963 2870 sibi
983 2800 1094 2870 fecere
1109 2801 1172 2890 (2).

156 2919 243 2988 Sunt
270 2936 411 3012 quoque
433 2919 513 3008 jure
542 2918 737 2986 conservati
768 2919 919 2994 connexi
945 2939 987 2989 ac
1016 2919 1185 3010 disjuncti

156 3035 294 3106 Rameae
310 3033 499 3104 dialecticae
515 3032 726 3126 syllogismi,
752 3033 814 3104 vix
829 3035 1016 3126 aliquando
1040 3037 1178 3106 mutatis

157 3152 372 3222 nominibus,
387 3151 477 3234 Quin
495 3151 600 3220 etiam
615 3172 656 3220 ea
672 3151 748 3244 ipsa
765 3151 800 3219 in
819 3149 901 3222 Arte
923 3153 1099 3241 cogitandi
1125 3175 1178 3222 re-

157 3270 290 3362 perias,
315 3269 450 3360 quaein
471 3268 604 3338 Scholis
619 3267 808 3338 dialecticis
832 3288 974 3356 aequum
989 3267 1040 3336 sit
1059 3289 1175 3359 repre-

157 3388 319 3460 hendere.
338 3389 452 3471 Quum
474 3387 564 3458 euim
588 3388 715 3460 Remus
734 3407 912 3458 connexos
936 3393 970 3456 et
987 3385 1178 3475 disjunctos

153 3506 374 3600 syllogismos
389 3506 424 3576 in
441 3505 550 3575 tribus
560 3503 751 3574 Aristotelis
768 3503 889 3594 figuris
903 3525 1082 3595 nunquam
1098 3527 1179 3575 con·

157 3624 249 3694 cludi
271 3624 495 3710 affirmasset,
517 3623 621 3694 iidem
636 3622 826 3716 syllogismi
852 3623 886 3692 in
905 3621 988 3694 Arte
1005 3623 1179 3716 cogitandi

157 3743 204 3812 ita
224 3743 358 3812 tractati
384 3752 484 3828 sunt,
517 3750 555 3814 ut
577 3742 707 3812 nullam
726 3762 806 3810 cum
833 3741 965 3833 reliqua
994 3743 1177 3814 ratiocina-

191 4076 225 4138 (1)
243 4075 277 4125 lle
289 4076 338 4137 lug.
352 4075 448 4134 llne,c.
464 4079 488 4124 e.
1102 4144 1103 4147 Ἴ

189 4163 225 4217 (2)
243 4159 362 4209 Gassend.
374 4195 381 4220 ‚
393 4159 473 4208 lustlt.
488 4158 545 4218 leg„
559 4165 622 4221 part.
635 4159 665 4207 lll
679 4159 732 4206 lull.
751 4160 775 4204 et
792 4167 847 4204 can.
863 4159 888 4204 12
899 4167 967 4217 s:yq.;
984 4156 1026 4202 Art
1041 4155 1071 4204 de
1082 4165 1178 4219 pensor,

157 4247 223 4309 part.
235 4242 282 4306 ΙΙΙ,
295 4255 317 4293 c,
328 4246 352 4293 2.
