2912 5066
702 476 918 546 -198-

340 645 462 704 Decima
474 642 622 718 epistola,
646 641 684 700 ad
702 639 817 699 Theod.
840 637 1022 708 zuingerum
1033 649 1132 706 nona,
1149 638 1272 698 Lutetia
1288 642 1322 698 in
1354 589 1362 616 ἱ
1440 719 1441 734 ¹

298 745 424 803 Praelleo
439 743 510 801 data
524 747 586 813 est,
598 741 685 800 nonis
699 738 853 799 decembr.
868 738 955 796 1571.

338 844 516 914 Undecima,
531 843 570 901 ad
585 841 701 910 eumd,
718 840 808 910 ibid,
821 841 837 896 3
849 853 920 897 non.
933 840 1010 910 sept.
1028 836 1095 894 157.
1111 835 1199 914 (sic),
1209 840 1321 913 scripta
1440 849 1441 932 1

298 945 363 1006 tuit

339 1046 525 1106 Du⁰d⁰⁰¹ffl³
545 1045 601 1122 (ad
620 1049 677 1106 Th·
700 1047 802 1118 Zuing.
826 1046 885 1111 XI)
909 1047 1032 1105 Lutetia
1054 1046 1143 1116 data,
1165 1059 1236 1104 non.
1255 1045 1318 1118 jan.
1440 1011 1441 1052 ³

300 1148 396 1218 1572,
418 1147 564 1206 nonnulla
583 1147 621 1208 de
636 1147 789 1207 Basiliensi
809 1145 957 1219 religione
979 1150 1010 1206 et
1029 1146 1068 1204 de
1083 1145 1320 1222 OEcolampapro
1440 1173 1441 1180 ,

298 1249 439 1308 continet

341 1353 416 1410 Tres
429 1351 561 1427 denique
580 1354 740 1425 supersunt
758 1349 893 1424 epistola
911 1364 919 1407 ε
936 1363 1064 1424 quarum
1086 1349 1318 1419 ouationem,

302 1453 319 1510 5
334 1453 392 1511 cal.
409 1457 486 1527 sept.
503 1453 597 1522 1570)
612 1451 651 1510 ad
665 1450 793 1510 Samuel.
813 1452 991 1524 Grynaeum‚
1008 1464 1077 1508 curu
1095 1449 1134 1509 de
1147 1447 1240 1508 rebus
1253 1463 1319 1506 ma-

300 1554 489 1625 thematicis,
504 1559 568 1612 tum
582 1552 620 1612 de
636 1555 666 1611 F.
683 1552 829 1612 Reisnero
843 1551 955 1625 scripta
969 1555 1022 1610 est.
1040 1552 1063 1608 E
1078 1551 1186 1609 ceteris
1199 1549 1320 1609 duobus

298 1653 338 1714 ad
360 1658 469 1714 Joann.
487 1656 668 1726 Sturmium‚
688 1654 772 1730 prior
794 1649 973 1730 (Heidelb.‚
999 1654 1017 1711 6
1040 1667 1110 1712 nou
1132 1667 1199 1712 nov.
1225 1651 1318 1720 15691

299 1757 511 1830 astrologicam
529 1756 692 1832 quamdam
710 1755 937 1831 praedictionem
952 1754 990 1813 de
1004 1754 1119 1826 ingenti
1132 1758 1222 1811 terra
1235 1755 1319 1808 motu

299 1857 410 1929 relert;
422 1857 452 1915 in
466 1857 627 1931 posteriori
643 1862 744 1915 antem
758 1856 898 1926 (Lutetiae
913 1854 999 1926 data,
1016 1854 1130 1928 absque
1145 1854 1227 1912 omni
1241 1855 1318 1910 tcm-

299 1958 381 2031 porls
395 1957 597 2026 indicatione)
610 1957 722 2016 llamus
735 1956 881 2015 maximas
891 1956 1023 2014 Sturmio
1037 1955 1149 2028 gratias
1163 1953 1224 2026 agit
1236 1952 1319 2027 quod

305 2057 469 2116 «Alsatiam
484 2055 674 2115 {ramusculis
691 2058 859 2131 compleat,
875 2079 887 2110 s
907 2061 937 2116 11
958 2072 990 2116 se
1009 2054 1091 2130 apud
1110 2057 1245 2128 reginam
1262 2057 1321 2114 Na·

299 2173 415 2232 varra,
437 2165 468 2218 et
487 2159 568 2233 apud
587 2158 776 2217 admiralium
791 2159 938 2217 Colinium
957 2158 1070 2231 negotii
1093 2156 1247 2230 cuiusdam
1263 2169 1318 2229 pro

300 2260 432 2318 sturmio
446 2265 675 2335 procuratorem
690 2260 825 2319 futurum
838 2260 1008 2334 pollicetur
1090 2253 1093 2258 “

341 2363 411 2419 iiaec
426 2366 471 2420 est
485 2361 657 2436 quindecim
676 2361 872 2435 epistolarum
886 2361 1031 2432 materia,
1044 2375 1119 2435 quas
1133 2359 1321 2419 doctissimus

299 2461 344 2519 vir
358 2461 727 2520 Christian-Bartholmdss
747 2461 777 2519 in
801 2460 900 2518 lucem
924 2459 1017 2518 edere
1037 2459 1068 2516 in
1092 2459 1193 2516 animo
1207 2456 1318 2516 habet:

298 2559 379 2619 unde
396 2562 555 2620 maximam
569 2567 651 2619 certe
665 2561 823 2620 utilitatem
845 2575 947 2619 rerum
962 2559 1240 2633 philosophicarum
1256 2563 1319 2617 stu-

299 2661 376 2720 diosi
389 2663 565 2736 percipient.

337 2765 434 2824 —De
459 2764 623 2839 deperditis
644 2765 730 2821 Remi
751 2763 885 2838 epistolis
907 2764 969 2821 lraec
989 2767 1104 2821 tantum
1125 2761 1264 2836 adjiciam
1284 2776 1322 2818 11

299 2865 659 2936 Ν111111111111117111,
681 2881 710 2940 p.
736 2867 815 2936 idm:
841 2862 1062 2939 «Deprehendl
1083 2863 1186 2935 olim,
1204 2861 1321 2936 inquit,

299 2960 450 3034 abjectum
469 2965 548 3022 inter
570 2965 741 3024 adversaria
764 2965 961 3039 epistolarum
983 2963 1144 3023 latinarum
1167 2963 1317 3021 volumen.

298 3065 380 3136 Quas
394 3080 463 3124 cum
484 3065 672 3137 collegissem
688 3070 719 3124 et
738 3066 910 3126 exscribere
928 3081 1085 3141 pararem,
1100 3065 1191 3124 sensit
1204 3065 1256 3122 ille
1265 3103 1275 3135 ,
1291 3067 1322 3121 et

299 3166 337 3225 ab
359 3167 494 3226 instituto
514 3166 600 3239 jussit
622 3166 784 3237 desistere,
805 3182 843 3225 ne
862 3166 941 3226 forte
961 3167 1147 3226 eliminarem
1162 3171 1192 3224 et
1209 3166 1240 3224 in
1258 3180 1317 3239 pu-

298 3264 411 3326 blicani
424 3267 548 3337 darem,
565 3281 640 3341 quas
653 3265 790 3340 indignas
801 3267 869 3326 luce
879 3266 1051 3340 judicabat,
1065 3266 1150 3341 quod
1164 3266 1316 3340 pleraeque

293 3365 395 3438 juveni
411 3368 529 3443 scriptae
543 3367 650 3427 forent
671 3369 742 3427 111111
754 3374 856 3427 tamen
870 3368 967 3441 dignae
985 3369 1054 3427 visae
1067 3367 1227 3442 quaedam,
1248 3383 1315 3441 quae

295 3470 445 3541 legantur,
461 3471 580 3528 circiter
594 3476 732 3540 centum,
749 3472 773 3529 si
787 3471 812 3529 is
830 3471 881 3546 qui
895 3471 1010 3530 detinet
1024 3471 1161 3528 emittere
1175 3470 1205 3527 in
1216 3470 1315 3528 lucem

296 3571 428 3628 animum
439 3571 596 3629 inducat.»

337 3703 372 3712 -
395 3691 407 3722 a
423 3672 497 3729 sunt
511 3677 543 3729 11
557 3672 615 3731 alia
628 3672 755 3732 sortasse
770 3674 858 3747 plura
875 3688 943 3747 quae
961 3687 1041 3732 nunc
1055 3687 1117 3730 non
1131 3675 1312 3742 occurrunt,

292 3786 361 3831 cum
374 3776 475 3830 tamen
490 3773 591 3830 omnia
604 3775 722 3846 pridem
733 3789 802 3832 mea
817 3789 907 3832 manu
920 3773 1148 3848 descripserim,
1160 3773 1199 3832 de
1214 3773 1313 3832 omni·

293 3876 349 3934 bus
373 3888 442 3933 cum
463 3877 587 3933 auctore
617 3877 724 3949 saepius
747 3876 1013 3947 communicarim,
1036 3875 1137 3934 omnia
1160 3875 1224 3934 tere
1247 3889 1312 3949 que

294 3975 379 4031 llami
390 3974 514 4034 nominc
529 3977 662 4044 exstant,
675 3973 755 4048 typis
766 3972 937 4047 mandanda
950 3975 1079 4033 curarim
1092 3979 1123 4032 et
1133 3971 1312 4033 excudendo

291 4075 463 4147 praetuerim
488 4074 733 4148 correxerimque
760 4074 920 4147 quamdiu,
946 4079 979 4133 ut
1001 4075 1086 4149 prius
1111 4073 1232 4143 monui,
1256 4085 1312 4146 per

291 4186 385 4232 annos
399 4188 497 4248 prope
509 4174 618 4246 ,viginti
642 4189 709 4232 cum
730 4175 826 4232 Remo
843 4173 1070 4233 contubernalis
1083 4174 1143 4232 vixi
1156 4173 1311 4246 mansique

291 4273 376 4351 (ann.
397 4276 633 4347 1518156111
654 4277 899 4350 1561-1568),...
923 4281 993 4350 post
1011 4279 1199 4335 Duacensem
1211 4287 1311 4331 meam

287 4378 400 4448 regiam
412 4377 631 4448 professionem
644 4393 781 4437 reversus
794 4379 825 4437 in
838 4379 984 4450 Galliam,
997 4393 1066 4438 cum
1076 4378 1173 4436 Remo
1187 4375 1311 4435 liberius
