2916 5062
692 475 885 544 ..70-

279 645 392 708 autem
412 637 515 726 juxta
539 634 606 706 hoc
626 635 802 706 decretum
829 635 874 706 ad
903 638 924 706 5
950 634 998 706 id.
1023 646 1124 708 mart.
1151 637 1298 729 quaestio

278 752 529 824 mathematicae
545 751 769 845 professionis
787 752 822 822 in
840 753 950 845 prima
969 753 1067 822 llami
1085 752 1231 825 Actione
1245 751 1301 848 (l)

280 892 396 942 coram
419 859 539 963 paucis
566 869 784 940 senatoribus
811 847 965 942 breviter
978 873 1156 965 proposita
1180 882 1298 961 esset,

277 998 311 1058 et
325 997 445 1058 contra
463 985 706 1058 verbosissime
721 995 811 1058 esset
829 1008 1033 1080 responsum
1049 1015 1058 1078 3
1086 991 1107 1058 3
1126 989 1175 1060 id.
1194 999 1299 1060 mart.

279 1127 350 1197 quo
363 1107 479 1197 roJecti
492 1115 609 1194 erant,
629 1106 765 1200 publice
774 1127 881 1178 causa
893 1107 938 1178 ab
951 1107 1157 1178 advorsariis
1165 1129 1302 1178 summa

278 1245 358 1294 cum
372 1223 570 1316 eloquentia
588 1223 680 1295 dicta
698 1230 752 1296 ost
768 1221 822 1319 (2)
840 1276 850 1308 ,
869 1223 992 1315 majori
1004 1233 1119 1295 autem
1139 1245 1218 1293 oum
1233 1245 1301 1295 vo-

279 1343 410 1435 luptate
427 1341 640 1413 audientium
663 1337 739 1436 (3),
762 1341 846 1412 dum
864 1342 993 1412 Remus
1011 1341 1138 1412 diserte
1155 1349 1229 1411 tum
1256 1343 1302 1414 de

165 1527 168 1534 .
278 1461 525 1532 mathematum
555 1459 700 1530 utilitate
725 1469 761 1530 et
787 1459 971 1552 dignitate,
1003 1469 1076 1530 tum
1104 1461 1147 1532 de
1170 1462 1302 1532 exami-

279 1580 408 1651 nandis
428 1579 532 1672 regiis
564 1579 819 1672 professoribus
841 1579 945 1650 verba
974 1580 1121 1668 faeeret,
1153 1578 1303 1674 Carpen-

278 1699 386 1770 tarius
406 1707 521 1768 autem
540 1697 585 1768 de
611 1719 649 1767 se
665 1696 848 1789 magnifice
865 1699 1065 1787 loqueretur
1094 1693 1168 1794 (l),
1195 1719 1303 1791 seque

280 1818 326 1887 ab
359 1815 497 1886 inimico
527 1813 579 1909 (5)
610 1816 881 1888 examinandum
909 1825 1063 1926 negaret.
1098 1818 1210 1889 Evioit
1235 1819 1304 1890 hoc

313 2151 347 2216 (t)
360 2149 416 2200 vid.
429 2149 493 2200 iufra
504 2149 582 2200 catal.
597 2162 637 2213 op.
649 2145 730 2199 lierni.

311 2235 347 2299 tt)
359 2235 415 2285 llec
428 2235 476 2284 fuit
489 2233 560 2286 lierni
577 2233 648 2283 Aetio
658 2232 736 2284 Math.
747 2246 796 2284 sec.
809 2233 864 2283 vm.
877 2234 954 2284 Gatal.
966 2248 1007 2298 op.
1016 2234 1098 2285 Remi.

313 2315 347 2380 (3)
362 2336 373 2361 ι
387 2316 486 2366 Grande
497 2328 572 2366 cause
583 2315 674 2377 (lnquit
684 2315 769 2377 steph.
786 2315 911 2379 Pasquler)
926 2319 953 2366 et
967 2315 1032 2364 deux
1045 2315 1134 2366 breves
1147 2316 1304 2380 champions,

281 2403 339 2462 qui,
350 2413 408 2454 sans
420 2399 546 2449 mirristcro
557 2398 707 2458 d’advccats
720 2399 846 2448 antrirent
857 2410 907 2447 aux
915 2397 1027 2461 chamos,
1035 2411 1067 2448 en
1078 2398 1194 2463 pre'sence
1203 2400 1237 2449 du
1247 2413 1303 2463 par-

280 2483 375 2534 lament
383 2488 409 2533 et
417 2483 491 2532 d’une
502 2479 599 2533 infinite
611 2481 642 2530 de
652 2479 750 2543 peuple.
762 2479 798 2528 En
814 2492 880 2542 quoy
888 2483 914 2541 ie
924 2480 1052 2542 paradino,
1064 2493 1162 2531 comme
1175 2481 1247 2544 celuy
1259 2483 1304 2542 qni

280 2570 332 2617 reis
348 2567 470 2616 domosler
483 2578 511 2616 ce
525 2564 626 2625 lumen,
641 2577 690 2626 que
703 2577 732 2614 ce
743 2563 779 2613 fot
795 2563 879 2613 abien
891 2563 993 2626 assailly
1005 2565 1062 2615 hicn
1073 2563 1192 2620 detentu,
1205 2568 1230 2615 et
1241 2566 1256 2614 i
1267 2579 1304 2614 nn

280 2652 343 2702 iesu
356 2654 398 2712 jen
411 2651 475 2700 teau
488 2653 582 2699 remur.
592 2649 658 2698 Tuus
669 2648 745 2708 deux,
758 2646 856 2710 parlant
867 2648 939 2707 latin,
951 2648 1033 2697 iurent
1043 2650 1098 2703 ouis
1109 2661 1153 2710 par
1163 2648 1231 2698 leurs
1241 2649 1303 2698 bou-

280 2731 354 2792 ches‚
366 2743 475 2793 avocone
487 2743 536 2779 une
546 2729 682 2780 admirable
694 2729 783 2780 fecultd
794 2734 819 2780 et
830 2729 921 2780 facilitt
930 2729 961 2780 de
972 2730 1027 2779 hicn
1042 2729 1103 2779 dire.
1116 2745 1129 2774 u
1140 2729 1217 2780 liech.
1231 2731 1263 2781 de
1280 2732 1305 2780 le

281 2815 388 2872 Franco,
403 2813 422 2862 l.
435 2811 480 2870 lll,
491 2825 514 2861 c.
523 2811 576 2861 llll.

314 2897 349 2948 ft)
366 2911 377 2938 a
390 2893 480 2942 Contra
491 2905 550 2954 cocy
560 2891 732 2955 Charpentler,
743 2894 785 2954 qul
796 2895 891 2953 scevoli
902 2906 929 2944 se
938 2896 1009 2954 jouer
1020 2896 1044 2942 et
1055 2891 1085 2942 de
1096 2905 1123 2942 sa
1133 2892 1223 2953 langue
1233 2895 1259 2942 et
1271 2893 1307 2943 de·

280 2987 326 3024 son
337 2977 426 3037 esprit,
440 2987 472 3024 ne
484 2973 591 3036 sevoque
605 2973 639 3022 du
655 2978 869 3024 commencement
878 2987 911 3025 en
921 2974 1083 3036 doubteqn’il
1094 2975 1164 3024 estoit
1174 2986 1223 3036 peu
1232 2975 1308 3024 verse

281 3069 330 3106 eux
341 3056 558 3118 methomethues.
569 3087 576 3102 .
589 3091 595 3104 .
609 3088 618 3104 ‚,
631 3055 692 3104 llais
703 3067 734 3104 en
748 3053 907 3120 recompensa
919 3056 936 3106 il
948 3056 1043 3105 concha
1054 3055 1261 3119 principalement
1273 3057 1307 3108 de

281 3151 309 3190 sa
319 3152 454 3202 personne,
468 3151 517 3202 que
528 3140 571 3190 dds
587 3142 611 3188 et
624 3137 712 3202 depuis
725 3139 794 3200 vingt
810 3151 855 3190 ans
872 3153 903 3190 en
921 3139 963 3199 ll,
977 3140 995 3188 ll
1010 3142 1077 3189 avoit
1090 3139 1147 3188 bien
1159 3137 1247 3189 memte'
1260 3139 1306 3190 des

281 3221 376 3272 bonnes
392 3221 492 3280 lettres,
506 3223 553 3271 etc.
569 3219 744 3283 odernensi„
761 3224 809 3270 etc.

312 3306 347 3370 (i)
364 3306 434 3356 lianc
447 3306 599 3368 carpentarii
610 3304 773 3366 objectionem
786 3304 873 3354 multis
886 3303 946 3354 locis
957 3303 1058 3360 resolvit
1069 3303 1163 3354 Remus
1172 3341 1179 3364 ,
1189 3304 1302 3354 doctrina

281 3391 382 3454 quidem
393 3395 418 3440 et
427 3390 557 3440 honestate
567 3391 694 3452 superior:
707 3408 718 3433 ι
731 3389 759 3438 Ρ.
771 3387 865 3438 liumus
880 3388 925 3437 tlbl
939 3389 1056 3438 inimicus
1076 3394 1129 3450 cst,
1146 3391 1213 3440 nis...
1234 3389 1302 3438 unde

218 3500 221 3508 ,
278 3475 324 3523 tilii
338 3488 353 3524 a
366 3487 407 3524 nte
420 3460 562 3524 inimicitias
573 3475 633 3536 istas
643 3474 797 3523 comminisci
811 3474 930 3535 potuisti?
949 3473 999 3522 Nec
1012 3475 1080 3522 enlm
1090 3473 1174 3524 ullum
1190 3485 1302 3534 unquam

281 3559 458 3607 detrimentum
468 3570 484 3606 a
495 3569 536 3606 rne
546 3543 661 3619 accepisti
672 3577 678 3605 :
692 3559 743 3606 lma
753 3558 829 3606 etiam
838 3559 863 3606 ln
873 3557 922 3607 hnc
932 3551 1147 3620 causa,prir'atim
1156 3569 1187 3606 ac
1195 3556 1302 3606 fraterne

279 3643 372 3690 lterum
383 3644 457 3701 atque
472 3641 564 3690 iterum
583 3651 652 3690 ame
665 3641 809 3690 admonitus
827 3653 868 3701 es,
884 3645 913 3690 nt
932 3641 1060 3691 accederes
1076 3641 1108 3691 ad
1126 3641 1302 3704 professionem

280 3725 373 3785 regiam
389 3724 455 3782 regie
467 3723 508 3770 vla
518 3725 544 3772 ct
555 3723 627 3782 rogits
641 3721 736 3783 legibus
750 3721 882 3773 delinita...
900 3723 960 3773 Octo
974 3725 1026 3786 pari
1043 3726 1135 3774 virtute
1153 3723 1302 3786 professores

281 3807 331 3858 lsoo
345 3815 449 3856 examen
465 3805 608 3867 postulant,
629 3804 793 3866 eamdemque
813 3808 937 3856 actionem
954 3806 1088 3867 obsignatis
1103 3805 1195 3856 tabulis
1215 3819 1303 3868 perse-

282 3891 395 3952 quuntur
410 3907 416 3937 ε
434 3887 538 3952 supplex
553 3885 652 3936 libellus
661 3890 758 3938 senatui
771 3891 909 3950 propositus
925 3889 1054 3950 obsignata
1070 3891 1172 3939 nemina
1182 3892 1301 3941 continet.

283 3976 314 4025 lit
323 3977 422 4035 tamen,
435 3971 513 4024 ferreo
521 3983 566 4022 ore
577 3971 699 4020 affirmare
714 3971 792 4022 sudes
808 3983 849 4021 me
866 3972 948 4021 solum
959 3972 1130 4023 adversarium
1142 3985 1235 4024 esse...
1247 3961 1305 4023 Non

284 4061 358 4119 igitur
366 4071 382 4108 e
393 4056 572 4121 professoribus
580 4056 654 4118 regiis
665 4054 708 4104 tibi
720 4055 787 4104 solus
799 4054 956 4106 adversarius
972 4064 1046 4116 sum,
1060 4057 1104 4106 sed
1122 4061 1179 4106 octo
1188 4057 1304 4107 tibisunt

281 4143 423 4192 adversarii.
434 4142 572 4192 Adversarii
583 4141 627 4190 tihi
637 4143 697 4190 sunt
711 4138 838 4198 Euclides,
848 4139 1022 4198 Archimedes,
1033 4139 1199 4203 Ptolomeus,
1210 4145 1235 4191 et
1245 4153 1303 4191 ma·

282 4225 407 4274 tlrcmatici
416 4237 535 4275 omnes...
545 4225 629 4287 Neque
636 4235 694 4274 vero
704 4225 753 4271 ista
764 4223 795 4272 de
804 4225 917 4273 examine
928 4225 1030 4284 quaestio
1039 4235 1053 4271 a
1062 4235 1103 4272 me
1113 4219 1182 4272 nnnc
1192 4224 1303 4286 primum

282 4309 385 4356 etc-itata
399 4313 434 4356 cst
446 4327 452 4355 2
466 4309 558 4356 etenim
569 4307 665 4356 decimo
679 4304 770 4354 alslrinc
786 4317 852 4355 anno
867 4307 892 4356 in
904 4306 1024 4366 Poensm,
1035 4317 1121 4356 meunt
1135 4305 1307 4369 discipulum,
