2916 5062
692 379 884 448 ...gg-

278 553 359 613 tuue
386 540 552 632 temporis
579 561 663 632 puer
684 536 800 608 adhue
827 536 976 609 Genevae
1007 548 1204 610 versaretur
1233 535 1297 630 (l).

323 655 461 728 Genava
487 657 705 734 lausannam
728 654 902 746 profectus
930 665 982 726 est
1008 657 1155 743 Ramus,
1182 655 1301 746 ibique

277 773 422 845 eruditis
435 771 690 866 professoribus
703 770 813 842 amice
830 793 935 860 usus,
956 772 1000 842 de
1015 773 1130 862 logica
1142 794 1207 844 sua
1222 793 1303 842 oum

277 891 439 962 omnibus
454 891 520 962 illis
528 899 563 962 et
572 889 681 960 libere
694 897 729 962 et
743 888 929 960 liberaliter
938 890 1225 971 communicavit,
1239 889 1303 960 sed

278 1009 454 1103 praecipue
484 1030 563 1078 eum
589 1008 724 1096 Nunio‚
745 1007 868 1098 judieii
892 1008 1063 1079 liberioris
1084 1007 1244 1095 homine,
1266 1016 1304 1076 et

278 1130 444 1199 Rameum
472 1127 571 1198 illurn
595 1126 679 1198 artis
697 1149 789 1198 usum
812 1126 996 1219 praeceptis
1019 1124 1181 1197 omnibus
1206 1131 1305 1194 ante-

279 1253 438 1339 ponente.
460 1245 654 1314 Lausannae
668 1241 772 1314 etiam
786 1242 916 1313 laoobo
932 1241 1047 1333 Anglo
1064 1241 1201 1334 hospite
1217 1261 1304 1310 usus

280 1370 352 1449 est,
376 1362 452 1432 viro
467 1382 547 1432 oum
560 1359 776 1446 eruditione,
801 1368 876 1428 turn
897 1358 1124 1449 integerrimis
1146 1357 1303 1452 moribus

281 1479 419 1570 insigni.
439 1479 510 1550 Nee
530 1477 691 1570 privatim
704 1475 944 1546 tantummodo
964 1474 1084 1546 docuit
1100 1473 1143 1545 de
1159 1475 1303 1564 eonjun-

282 1598 405 1690 gendis
419 1596 648 1690 philosophiae
662 1606 698 1666 et
713 1593 921 1686 eloquentiae
938 1592 1082 1681 studiis;
1100 1591 1163 1664 sed
1176 1613 1304 1666 exora·-

285 1727 364 1802 ωε,
382 1716 506 1804 logicae
526 1721 665 1810 ἀκρόασιν
682 1712 758 1784 dies
783 1713 916 1805 aliquot
933 1712 1087 1783 maximo
1101 1707 1249 1783 civitatis
1270 1723 1305 1783 et

261 1834 484 1905 ‘avidissimo
495 1853 670 1903 concursu
685 1829 807 1901 habuit
821 1828 886 1926 (2).
1203 1907 1205 1912 ,

331 1948 394 2020 Hie
419 1947 497 2018 finis
520 1947 585 2017 suit
606 1946 821 2018 Germanicae
845 1949 1144 2040 pereginationis:
1171 1950 1207 2020 in
1232 1961 1304 2040 qua

282 2068 411 2137 nullam
430 2087 500 2136 nou
516 2067 627 2138 solum
643 2065 688 2138 ad
704 2065 948 2157 Academiam,
968 2069 1030 2140 sed
1050 2090 1094 2140 ne
1115 2069 1162 2140 ad
1182 2069 1303 2138 urbem

282 2187 423 2279 quidem
445 2186 607 2272 accessit,
626 2186 710 2296 quin
722 2186 1009 2275 jucundissimam
1030 2197 1065 2261 et
1080 2188 1303 2260 salutantium

281 2317 315 2378 et
333 2303 577 2394 gratulantium
597 2304 872 2375 benevolentiam
893 2315 1057 2398 expertus
1075 2307 1130 2377 sit.
1151 2304 1181 2375 A
1197 2307 1304 2399 pluri·

281 2425 349 2496 bus
366 2435 481 2496 autem
503 2423 700 2494 civitatibus
712 2444 755 2492 ae
768 2423 982 2516 principibus
1000 2424 1046 2495 ad
1059 2424 1230 2496 bonarum
1249 2447 1302 2494 ar·

281 2545 367 2615 tium
389 2543 636 2638 professionem
665 2542 863 2614 avidissime
888 2551 922 2614 et
944 2543 1138 2635 magnificis
1160 2544 1303 2636 quidem

278 2663 473 2755 stipendiis,
497 2663 532 2732 in
555 2663 651 2733 ltalia
671 2663 841 2754 primum,
859 2661 988 2734 deinde·
1005 2663 1040 2732 in
1057 2663 1240 2735 Germania
1260 2686 1302 2758 ae

236 2801 241 2809 ¹
276 2781 417 2851 Polonia
430 2781 594 2850 invitatus
609 2781 683 2850 init.
705 2780 780 2851 Jam
798 2788 878 2851 ante
893 2802 1022 2852 annum
1040 2783 1053 2849 l
1063 2775 1146 2869 567,
1169 2783 1298 2854 amisso

276 2895 423 2966 Romulo
451 2895 618 2978 rimosae,
644 2895 706 2986 qui
731 2895 822 2966 mille
843 2905 890 2992 et
903 2897 1061 2969 ducentis
1088 2897 1222 2968 ducatis
1243 2897 1299 2993 (3)

275 3015 311 3084 in
329 3013 539 3106 amplissima
557 3022 637 3106 post
650 3012 875 3089 Parisieusem
889 3015 1100 3086 Bononiensi
1109 3015 1297 3088 Academia

277 3121 464 3215 docuerat,
479 3130 631 3222 Angelus
644 3131 771 3226 Papius
782 3133 810 3202 J.
831 3132 868 3202 C.
886 3134 991 3204 totius
1003 3131 1203 3207 Academiae
1216 3156 1296 3207 oon-

276 3275 379 3324 sensu
402 3252 498 3322 illum
517 3250 742 3322 indemortui
764 3253 879 3322 locum
893 3262 1100 3324 evocaverat
1119 3243 1184 3349 (t).
1207 3256 1295 3324 Dum

274 3381 388 3441 autem
400 3371 508 3441 libera
519 3369 691 3461 legatione
705 3370 751 3442 ad
764 3368 986 3450 Germanicas
1002 3369 1208 3444 Academias
1221 3375 1300 3443 fun--

272 3488 383 3578 gitur,
403 3487 448 3557 ab
464 3486 610 3596 Andros·
621 3488 762 3564 Duditio
778 3488 999 3582 Imperatoris
1017 3492 1151 3582 legato,
1171 3489 1294 3560 Craeoss

271 3672 463 3687 m·

301 3799 336 3854 (t)
355 3792 412 3843 Gor.
425 3793 557 3857 latentius,
568 3792 616 3845 llll.
627 3792 743 3855 Arminll,
756 3809 781 3858 p.
794 3799 836 3855 tt,
848 3809 889 3859 ap.
900 3797 1029 3858 Bronten,
1042 3798 1059 3847 l.
1070 3811 1102 3852 o..
1113 3811 1167 3862 oap.
1177 3798 1219 3860 lli,
1232 3800 1290 3864 §aa

298 3883 333 3940 (t)
350 3879 478 3940 liugan.
487 3879 530 3936 ⁴⁰3
543 3877 645 3940 Banna,
658 3891 683 3943 p.
695 3881 732 3928 tt.

297 3968 331 4030 (3)
350 3963 420 4013 Remi
433 3964 503 4026 epist.
516 3962 547 4011 ad
559 3963 639 4015 carol.
651 3963 736 4025 loth„
753 3968 778 4014 tl
795 3964 842 4014 eal.
853 3976 913 4014 nov.
927 3969 994 4015 talu.

300 4048 334 4111 (t)
352 4049 418 4098 llnn.
429 4049 525 4098 olrelter
536 4049 605 4098 last.
620 4047 672 4097 l'td.
687 4046 756 4097 lluml
773 4046 848 4110 Epist
860 4046 970 4100 adcasl.
983 4047 1065 4105 Loth.;
1075 4046 1152 4110 Epist.
1164 4048 1195 4099 ad
1210 4048 1294 4098 Bonor—

268 4134 379 4189 nienses,
394 4135 420 4180 et
430 4125 461 4180 ad
473 4131 534 4191 lug.
548 4130 664 4194 Papium3
677 4129 759 4178 Sohol.
777 4129 940 4190 mathemat,
958 4128 1001 4178 lib.
1016 4128 1062 4189 lll,
1073 4128 1121 4178 sub
1130 4129 1180 4190 flu,
1196 4131 1296 4192 Frate,

269 4211 1059 4280 l).3l;Bauos.,p.tt;Nanoel.,p.6l.Cl.Buyle,ibid.,not
1080 4213 1109 4263 N.
1174 4243 1178 4254 ι
1283 4269 1287 4278 ,
1359 4215 1362 4227 “
