2912 5066
520 403 738 472 -ltt-

114 561 297 655 sophistici
325 560 518 654 syllogismi
546 562 716 633 doctrinae
744 561 780 630 in
806 583 888 633 vera
912 563 1142 658 descriptione
1181 560 1188 565 ’

116 685 203 752 artis
234 681 349 751 locum
381 699 459 750 esse
494 691 618 770 negat,
649 705 667 747 n
696 679 779 771 quia
811 682 943 752 nullum
975 682 1019 754 de
1052 685 1141 756 vitiis

116 806 330 893 praeoeptum
357 805 409 868 est
440 819 520 868 cum
549 798 686 870 virtutis
711 799 943 894 explicatione
969 801 1139 895 homoge-

117 939 222 991 neum
245 913 315 1011 (l).
346 940 364 982 n
392 899 534 988 Dixerat
558 917 640 988 olim
657 918 787 990 Romus
803 919 839 988 in
858 918 1142 992 Animadversio-

120 1037 223 1107 nibus
240 1031 496 1106 Aristotelicis:
528 1059 547 1102 c
575 1036 798 1108 Dialecticam
825 1037 870 1110 ab
898 1036 1082 1112 Aristotele
1109 1050 1144 1112 et

119 1150 333 1222 Aristoteleis
355 1172 426 1222 non
445 1159 537 1222 recle
553 1151 703 1241 institui,
725 1175 804 1224 cum
829 1155 925 1246 quod
940 1157 1049 1226 multa
1065 1156 1142 1228 dia·

120 1269 253 1340 lecticae
286 1267 370 1339 artis
406 1288 477 1340 non
510 1270 704 1341 necessaria
737 1279 912 1363 praecepta
950 1271 1047 1342 libris
1077 1272 1145 1342 illis

118 1385 392 1473 conturbentur,
429 1396 502 1459 tum
527 1387 623 1478 qrnd
645 1388 754 1459 multa
778 1388 972 1460 neccssaria
997 1397 1143 1480 praeter.-

122 1502 446 1589 mittentur,1nulto
466 1502 570 1578 etiam
589 1505 688 1597 plura
712 1502 917 1577 redundent.
938 1503 1044 1580 Usum
1060 1525 1145 1576 vero

120 1621 313 1694 dialecticae
333 1620 417 1694 artis
441 1630 551 1694 totum
569 1622 615 1700 ad
632 1623 856 1716 scholasticos
883 1631 917 1693 et
940 1623 1145 1716 sophisticus

4 1729 5 1744 ¹
121 1740 362 1812 altercationes
379 1761 455 1812 esse
481 1742 699 1832 traductum3
728 1742 890 1834 adeoquo
916 1741 1142 1826 humanitati,

123 1863 178 1931 cui
203 1861 359 1932 detracta
375 1869 484 1948 esset,
504 1861 719 1934 reddendam
745 1884 823 1932 eam
840 1872 874 1932 et
897 1862 1145 1935 restitrmndam

121 1999 198 2050 csse
211 1977 277 2068 (2).
302 2003 319 2046 n
344 1979 383 2050 ln
407 1977 541 2050 Scholis
563 1986 679 2072 autern
695 1978 905 2066 dialecticis,
927 1979 1050 2056 eadem
1067 1979 1146 2058 licet

122 2097 385 2184 sentententia
401 2107 515 2173 tamen
532 2097 666 2174 ratione
679 2120 778 2187 usus,
798 2097 990 2170 Aristotelis
1005 2106 1040 2170 et
1056 2097 1147 2170 Aris

124 2217 328 2287 toteleorum
351 2237 499 2305 errores,
528 2215 762 2309 sophismata,
789 2217 1080 2292 contradictiones
1100 2239 1146 2292 ex

124 2333 235 2427 ipsius
249 2317 441 2406 arnonus
459 2333 642 2427 preceptis
658 2333 706 2404 ita
726 2332 944 2426 perstringit,
959 2343 998 2406 ut
1010 2331 1143 2406 Aristo-

126 2452 263 2528 leticum
282 2472 358 2524 sese
375 2474 462 2545 pene
478 2451 681 2545 profiteatur
694 2451 747 2547 (3)
760 2461 794 2522 et
810 2452 904 2528 dicat
920 2452 1109 2543 aliquando
1132 2481 1142 2523 r

127 2597 144 2641 n
169 2571 334 2662 Logicam
356 2571 477 2662 logicis
497 2571 689 2643 Aristotelis
704 2569 881 2665 principiis
895 2571 1146 2646 conformatam

124 2691 314 2764 doceamus
334 2687 404 2785 (l).
424 2716 447 2766 ff»
468 2691 537 2763 Sed
560 2691 628 2762 hoc
644 2691 756 2782 magis
774 2689 999 2768 scholasticos
1023 2711 1148 2781 urgere

125 2808 283 2880 instituit.
301 2809 410 2900 Leges
427 2810 520 2880 enim
534 2829 727 2902 perpaucas
752 2809 787 2880 in
810 2811 948 2901 Organo
963 2808 1148 2902 diligenter
1230 2828 1233 2834 ·

125 2925 350 3013 observatas,
367 2925 498 3017 ubique
516 2925 646 2997 Romus
664 2935 702 2996 ut
714 2947 815 2998 veras
827 2925 992 3017 quidem,
1017 2948 1088 2997 non
1111 2937 1150 3002 nt

127 3043 350 3118 Aristoteleas
372 3043 535 3115 laudibus
562 3043 727 3116 extollit:
763 3069 780 3112 u
813 3045 849 3118 Si
875 3046 991 3134 nulla,
1011 3045 1146 3138 inquit,

127 3163 320 3237 Aristotelis
332 3163 521 3234 auctoritas
535 3163 778 3252 intercederet,
795 3171 910 3234 essent
926 3163 1148 3234 nihilominus

127 3285 222 3374 leges
236 3282 368 3356 eaedem
387 3281 578 3376 probendae
597 3279 665 3378 (5).
695 3307 713 3350 n
737 3282 851 3365 Quum
871 3289 986 3351 antem
1013 3277 1146 3351 Aristo·

128 3403 212 3474 teles
233 3422 304 3472 non
326 3401 456 3494 ubique
479 3410 591 3473 servet
613 3398 807 3470 Aristotelis
830 3402 925 3491 leges
950 3395 1027 3494 (6),
1056 3398 1149 3469 hunc

128 3520 207 3594 ideo
235 3520 364 3594 Remus
393 3520 428 3593 in
455 3540 664 3612 unaquaque
691 3517 816 3609 logicae
845 3526 942 3611 partc
971 3517 1146 3610 exagitat,

158 3835 194 3896 (1)
211 3833 284 3897 llud,
300 3833 320 3886 l.
332 3833 400 3895 lllll,
412 3848 434 3884 c.
450 3842 458 3884 1
474 3839 499 3886 et
510 3834 578 3886 nllbl.

158 3917 193 3984 (2)
211 3917 342 3968 Animadv.
355 3917 442 3979 Arlsl„
456 3916 526 3968 Prot.

157 4000 194 4066 (1)
211 4001 293 4052 schol.
308 4001 378 4061 dial,
389 4001 408 4052 l.
419 4001 458 4062 lv,
470 4015 493 4050 c.
511 4000 567 4061 t;l.
582 4001 612 4063 V,
627 4013 649 4050 c.
664 4005 690 4059 1,;
709 4001 726 4049 l.
742 4000 786 4061 vt,
798 4013 819 4052 c,
833 4003 862 4058 ὃς
874 3999 892 4048 l,
905 3998 962 4058 llll,
979 4013 1002 4053 c.
1018 4003 1101 4060 t,ctc.

159 4085 194 4146 lt)
211 4084 284 4144 thid„
295 4085 314 4134 l.
326 4084 383 4145 vlt,
400 4098 424 4136 c.
437 4090 459 4134 1.

158 4165 194 4230 (tl
208 4165 280 4228 lbld.‚
292 4165 310 4216 l.
322 4165 354 4226 ll,
362 4179 386 4216 c.
402 4171 424 4216 1.

158 4249 193 4310 (6)
206 4247 279 4310 leid„
295 4248 313 4299 l.
326 4247 374 4312 tx,
387 4247 480 4311 ndcap,
495 4253 519 4299 11
535 4247 720 4318 dnnlptlcorum
732 4250 823 4310 poster.
