2912 5066
713 433 929 503 -116-

309 597 428 670 obrem
447 607 485 668 ut
511 606 644 669 naturae
670 596 780 668 virtus
796 594 931 666 facilius
953 605 1140 686 appareat,
1162 591 1268 686 selige
1292 595 1334 664 de

311 725 360 789 tot
380 715 578 788 viventibus
598 715 777 786 bominum
794 713 964 800 millibus,
985 713 1047 802 qui
1069 723 1204 784 naturae
1224 714 1331 783 soler·

307 835 353 906 tia
385 834 590 925 judicioque
621 843 786 925 praestent
800 885 874 915 .....
906 851 1037 920 eosque
1074 831 1109 899 in
1149 831 1332 902 consilium

307 973 443 1042 magnae
467 949 724 1022 deliberationis
754 949 901 1039 alicujus
925 948 1116 1019 advocatos
1139 947 1226 1036 jube
1251 970 1336 1018 sen·
1443 935 1444 940 ’

306 1069 445 1140 tentiam
459 1067 573 1140 dicere
589 1093 597 1136 :
618 1077 692 1136 tum
707 1089 754 1137 ex
765 1087 886 1138 eorum
899 1064 1046 1156 ingeniis
1061 1064 1166 1135 veluti
1180 1065 1336 1155 speculis
1445 1065 1446 1072 ’

306 1189 422 1278 imago
447 1194 583 1257 natura:
611 1186 803 1256 resultabit.
829 1183 975 1256 Attende
997 1183 1103 1274 igitur
1134 1181 1220 1272 quid
1247 1182 1338 1252 tales

307 1314 443 1377 noturae
459 1304 645 1400 consiliarii
666 1305 804 1375 facient.
824 1302 975 1373 Primum
998 1302 1058 1389 (ut
1078 1301 1223 1393 opinor)
1239 1302 1335 1393 apud

308 1447 346 1496 se
367 1423 462 1494 taciti
487 1423 654 1494 rationem
682 1423 835 1514 aliquam
865 1419 1132 1511 excogitabunt‚
1165 1427 1200 1490 et
1232 1439 1334 1510 argu-

308 1545 462 1615 mentum
481 1542 674 1629 invenient‚
692 1562 764 1633 quo
779 1561 851 1610 rem
867 1537 1106 1609 deliberationi
1120 1536 1333 1630 propositam
1389 1570 1393 1577 ·

306 1660 563 1752 suscipiendam
599 1659 847 1745 adhortentur,
888 1658 943 1726 vel
969 1656 1014 1726 ab
1046 1675 1087 1725 ca
1114 1655 1331 1744 deterreant;

307 1771 432 1842 deinde
444 1773 504 1842 ubi
519 1774 603 1842 satis
619 1773 802 1844 commode
821 1772 1070 1862 cogitaverint,
1090 1771 1333 1862 cogitationem

307 1910 377 1960 non
397 1901 545 1977 temere,
567 1891 628 1962 sed
645 1891 702 1962 via
726 1912 767 1962 ac
788 1891 921 1961 ratione
946 1898 1040 1960 certa
1056 1889 1226 1980 digestam
1254 1911 1333 1984 par-

308 2007 474 2100 titumque
502 2009 725 2103 expriment:
753 2009 889 2098 singula
920 2007 1089 2078 subtiliter
1116 2028 1157 2078 ac
1185 2009 1334 2080 rotunde

308 2126 544 2198 concludent:
574 2149 700 2218 genera
718 2148 744 2196 a
769 2126 880 2221 capite
909 2125 1125 2196 membratim
1150 2125 1334 2198 distributa

307 2254 582 2338 persequentur:
604 2255 638 2316 et
663 2245 759 2336 quod
786 2246 821 2314 in
848 2267 917 2316 una
940 2246 1058 2337 aliqua
1082 2245 1333 2339 disceptatione
1381 2311 1396 2322 κ

309 2371 530 2454 praestarent,
545 2363 637 2434 idem
651 2364 753 2453 longe
763 2363 985 2434 excellentius
997 2363 1032 2432 in
1046 2362 1207 2434 universa
1217 2385 1332 2434 rerum

309 2482 465 2552 omnium
494 2481 704 2573 cogitatione
736 2479 797 2575 (ut
824 2489 958 2552 veteres
987 2481 1036 2550 illi
1061 2482 1135 2552 sine
1166 2491 1239 2554 arte
1262 2485 1332 2554 ulla
1408 2563 1414 2570 ,

308 2600 526 2695 philosophi)
543 2600 769 2693 praestabunt.
791 2599 930 2669 Excitat
947 2599 1053 2690 igitur
1068 2600 1103 2669 in
1119 2601 1242 2670 animis
1254 2623 1334 2672 nos-

309 2718 370 2788 tris
393 2729 515 2790 natura
544 2717 643 2810 (cum
667 2717 926 2811 disceptationis
955 2717 1092 2788 occasio
1115 2718 1231 2788 oblata
1258 2717 1330 2813 est)

308 2836 465 2926 geminos
490 2837 661 2926 quosdam
687 2845 822 2924 motus,
852 2846 925 2906 tum
951 2836 997 2905 ad
1019 2834 1260 2906 inveniendam
1282 2839 1332 2907 rei

308 2951 426 3023 dubiae
441 2949 545 3022 fidem
558 2953 701 3022 subtiles
713 2962 748 3022 et
762 2961 904 3043 acutos,
921 2964 993 3024 tum
1006 2953 1051 3024 ad
1067 2953 1333 3047 exprimendam

306 3080 341 3140 et
364 3092 427 3164 pro
453 3070 558 3140 modo
585 3091 799 3162 numeroque
824 3093 940 3142 rerum
962 3073 1200 3143 collocandam
1227 3081 1332 3164 atque

307 3179 544 3262 aestimandam
566 3187 752 3282 prudentes
768 3198 802 3260 et
819 3190 1029 3261 moderatos.
1047 3191 1130 3261 Haec
1150 3201 1244 3263 certa
1267 3215 1330 3264 na-

307 3320 396 3380 turae
408 3309 606 3381 observatio
622 3318 673 3380 est
692 3335 700 3378 :
719 3330 739 3378 a
758 3330 828 3400 qua
847 3330 1026 3400 nunquam
1050 3309 1229 3381 discedere
1245 3309 1332 3381 doc-

306 3427 417 3513 trina,
432 3428 494 3499 sed
514 3437 680 3518 tanquam
698 3428 807 3497 Deum
828 3426 926 3517 sequi
944 3425 1059 3496 debet.
1082 3426 1229 3517 Egregie
1240 3427 1331 3496 enim

306 3563 448 3638 munere
466 3565 530 3613 suo
556 3545 737 3636 perfuncta
761 3544 948 3631 videbitur,
976 3543 1005 3613 si
1021 3552 1156 3622 naturae
1174 3545 1330 3636 pruden-

306 3639 387 3727 tiam
409 3659 535 3751 poterit
558 3660 696 3729 imitari.
730 3662 962 3743 Quamobrem
992 3683 1127 3732 summa
1153 3661 1331 3753 diligentia
1397 3685 1399 3689 ’

306 3776 512 3848 monitiones
530 3776 605 3847 illas
620 3787 755 3849 naturae
776 3780 1022 3872 praestantibus
1038 3780 1185 3878 ingeniis
1211 3781 1332 3852 insitas

305 3907 340 3968 et
356 3897 529 3988 ingenitas
543 3896 763 3969 observabit:
784 3920 914 3989 easque
933 3886 1248 3972 animadversaset
1265 3923 1330 3972 no·

304 4025 393 4088 tatas
409 4017 443 4086 in
460 4025 594 4088 naturae
607 4015 814 4087 simillimam
825 4016 918 4086 viam
934 4017 1174 4110 rationemque
1188 4019 1331 4089 conclu·

304 4135 381 4222 det,
402 4136 664 4231 descriptasque
683 4119 932 4207 disserentibus
954 4136 999 4206 ad
1020 4135 1226 4228 imitandum
1248 4158 1330 4230 pro·

302 4260 433 4341 ponet:
455 4262 559 4344 atque
576 4255 623 4324 ita
640 4277 722 4346 quae
739 4255 907 4346 discipula
925 4263 1061 4326 naturae
1085 4255 1182 4348 prius
1197 4257 1327 4344 fuerat,
