2916 5062
716 329 909 408 „ffi-

254 575 255 578 Ἴ
308 503 406 584 runt,
422 504 460 564 ut
471 491 646 564 sententiis
658 512 728 561 non
740 489 846 561 modo
860 488 1076 558 sacerdotem
1088 487 1331 574 absolverent,

306 614 368 688 sed
398 623 433 684 et
461 611 699 704 impunitatem
727 609 770 678 de
796 606 1020 698 grammatica
1047 606 1333 698 pronuntiatione

308 731 509 826 disputandi
520 730 624 800 tacito
634 749 776 800 assensu
790 727 826 796 in
837 734 1043 818 perpetuum
1055 726 1277 814 stabilirent(
1303 723 1330 818 ).

311 879 329 918 n
349 851 510 922 Esohola
528 849 645 940 regia,
663 846 777 937 inquit
799 847 945 932 Ramus,
969 852 1043 913 tum
1062 844 1212 936 primum
1237 849 1332 935 quir,

309 971 434 1063 quotie,
453 986 611 1061 quantae,
636 967 715 1036 initi
739 964 843 1034 latine
866 972 902 1033 et
926 964 1080 1033 Romane
1109 971 1331 1034 sonuerunt:

310 1103 345 1164 et
372 1093 487 1186 pudor
518 1091 582 1160 fuit
612 1089 716 1179 regiis
745 1086 1015 1180 professoribus,
1044 1093 1210 1176 tanquam
1241 1085 1337 1176 regis

312 1212 421 1304 ipsius
443 1210 541 1292 voci,
571 1210 683 1301 palam
710 1207 898 1276 reclamare
912 1204 978 1300 (2).
999 1231 1015 1268 n
1048 1205 1112 1274 llio
1133 1205 1238 1296 igitur
1261 1222 1336 1276 erat

312 1329 591 1400 adversariorum
605 1325 703 1396 liami
722 1323 882 1425 pertinere
898 1325 954 1394 vel
972 1344 1092 1416 pravae
1109 1323 1335 1394 consuetudi-

312 1447 366 1518 nis
381 1466 478 1516 arnor
496 1443 567 1540 (3),
592 1465 696 1535 quem
712 1463 917 1535 expugnare
932 1463 1012 1512 eum
1034 1443 1069 1512 in
1087 1443 1333 1533 grammatica,

314 1575 386 1636 tum
395 1565 431 1635 in
446 1567 568 1636 ceteris
577 1563 679 1633 bonis
690 1561 822 1632 artibus
838 1562 975 1632 dillicile
991 1561 1055 1630 luit
1066 1582 1156 1653 opus
1168 1584 1210 1632 ac
1221 1564 1338 1653 majus

315 1705 420 1773 quem
434 1684 531 1774 quod
545 1683 591 1751 ab
605 1700 676 1750 uno
688 1679 827 1750 homine
844 1682 977 1752 absolvi
991 1690 1120 1774 posset.
1133 1682 1207 1751 Hoc
1220 1691 1338 1753 tamen

315 1799 350 1870 in
367 1798 461 1890 regia
476 1797 640 1869 cathedra
653 1808 792 1868 strenue
803 1819 990 1889 aggressus
1003 1808 1056 1869 est
1068 1802 1219 1870 Remus:
1238 1803 1340 1891 eujus

317 1916 501 1990 continuos
518 1916 554 1985 in
575 1915 735 1988 docendo
751 1916 890 1986 labores
903 1939 949 1987 ex
968 1917 1091 1988 ordine
1108 1918 1278 1989 dicemus.

366 2034 469 2104 Primi
484 2035 582 2123 anni,
596 2055 666 2125 quo
679 2034 796 2125 regius
812 2035 987 2126 professor
999 2035 1111 2105 laetus
1122 2046 1191 2124 cst,
1208 2037 1341 2129 primus

319 2174 462 2244 quoque
477 2155 577 2224 labor
589 2155 673 2242 fuit,
688 2163 726 2223 ut
738 2153 852 2246 reipsa
863 2162 897 2224 et
908 2155 1076 2247 exemplis
1089 2156 1343 2226 demonstraret

319 2273 526 2362 eloquentiae
549 2272 870 2365 philosophiaeque‚
894 2273 1030 2344 tametsi
1056 2273 1090 2342 in
1115 2274 1250 2344 artibus
1270 2286 1343 2344 tra·
1447 2355 1448 2358 Ἴ

321 2390 444 2468 dendis
471 2400 645 2483 praccepta
671 2390 832 2462 distincta
858 2401 994 2478 essent,
1024 2417 1118 2464 atum
1147 2391 1200 2487 (i)
1227 2402 1342 2463 tamen

319 2530 395 2580 esse
419 2511 618 2602 copulatum
649 2518 753 2601 atque
784 2510 1020 2599 conjunctum.
1050 2509 1104 2582 Ab
1133 2512 1344 2601 eloquentiae

353 2748 391 2825 [tl
405 2763 501 2823 Freig„
515 2761 589 2818 ibid,
603 2774 628 2823 p.
640 2764 669 2810 ti
680 2773 717 2823 sq.
727 2760 834 2818 3Theod.
847 2761 975 2822 zuinqer.⁷
987 2759 1005 2810 l.
1024 2775 1047 2810 c.

353 2842 389 2907 (t)
404 2842 486 2891 schol.
505 2847 652 2903 grammat,
667 2843 710 2892 lib.
725 2842 745 2891 ll
772 2843 807 2891 lie
825 2845 986 2904 grammatica
1004 2843 1047 2893 ilia
1068 2847 1226 2894 contentione
1241 2846 1346 2894 minime

322 2927 481 2986 conqueritur
493 2923 600 2982 Remum
618 2927 668 2974 imo
689 2924 818 2986 profitetur
836 2925 948 2985 (Pleiai.
968 2925 1074 2974 scholar.
1091 2929 1117 2974 in
1135 2927 1248 2976 liberales
1265 2927 1347 2990 artes)

322 3020 418 3058 «suern
434 3009 618 3057 contentionem
637 3019 763 3070 nusquam
778 3007 953 3070 expeditiorem
971 3007 1078 3058 luisset
1097 3009 1167 3059 Unde
1185 3008 1347 3060 manifestum

320 3095 358 3142 est
369 3093 394 3140 in
408 3102 484 3152 quern
496 3102 604 3140 errorem
623 3091 736 3141 inciderit
745 3091 866 3152 Voltaire,
884 3103 943 3140 curn
954 3091 1043 3140 dixerit
1053 3109 1081 3138 ιι
1095 3091 1148 3144 Une
1164 3092 1208 3142 des
1222 3093 1279 3155 pins
1291 3096 1348 3142 vio-

320 3175 400 3225 lentes
418 3173 585 3238 persecutione
601 3174 705 3224 excite'es
723 3188 755 3224 uu
772 3175 885 3224 seizieme
903 3175 977 3224 siecle
995 3180 1079 3226 contre
1100 3174 1209 3236 Remus,
1224 3181 1268 3226 eut
1282 3165 1348 3240 pour

321 3258 387 3319 objet
401 3258 425 3307 le
437 3256 547 3306 muniere
558 3257 619 3306 dont
630 3271 662 3307 on
674 3257 757 3307 deruit
768 3269 906 3320 prononcer
914 3255 1036 3320 qairqutr
1045 3262 1070 3308 et
1079 3271 1242 3321 quenquam.
1255 3276 1268 3303 n
1282 3261 1346 3310 litet.

322 3342 427 3406 philos,
440 3341 478 3390 liu
489 3342 602 3402 quisquis
614 3341 644 3390 de
655 3340 758 3390 liumus.

354 3425 387 3488 (3)
404 3425 482 3486 Cujus
493 3426 603 3487 Freigiue
615 3426 758 3488 exemplum
768 3437 869 3489 prorsus
881 3425 1026 3475 incredibile
1037 3424 1111 3475 refert
1119 3424 1159 3474 his
1169 3423 1267 3474 verbis:
1284 3425 1350 3473 uve·

323 3519 381 3557 rum
396 3512 469 3556 estet
486 3508 558 3557 editis
567 3508 637 3558 libris
654 3509 795 3571 proditum,
815 3509 1020 3558 invariatum.
1037 3509 1289 3568 doctores‘extitisee‚
1305 3515 1349 3569 qui

323 3589 449 3640 mordicus
462 3593 592 3646 tuerentur
605 3603 635 3640 ac
649 3589 809 3642 defenderent
819 3605 866 3655 epo
881 3597 956 3642 emet
971 3596 1022 3642 tam
1037 3591 1195 3642 commodam
1210 3593 1349 3641 orationem

323 3684 462 3734 essequam
476 3685 522 3734 eqo
533 3685 607 3732 omo,·
625 3675 657 3722 ad
668 3685 773 3736 eamque
781 3677 943 3738 pertinaciam
961 3676 1175 3740 comprimendam
1185 3674 1289 3724 coneilio
1300 3686 1350 3736 pu-

325 3755 388 3805 blico
403 3767 465 3819 opus
483 3755 591 3804 luieee.»
607 3755 685 3817 leid,
705 3770 730 3820 p.
747 3761 790 3817 tr,
808 3759 848 3807 25.
861 3757 915 3806 Vid.
933 3757 1008 3820 Bayle
1026 3759 1057 3808 ad
1080 3757 1149 3807 hune
1170 3758 1254 3806 locum
1268 3756 1347 3814 (liict.

325 3839 482 3897 hisi·,ete.).
1178 3845 1183 3863 ¹

356 3923 392 3984 (i)
410 3940 459 3970 ι...
467 3921 546 3972 Usum
556 3924 647 3973 artium
656 3925 785 3984 omnium,
797 3925 968 3986 imprimisque
981 3927 1086 3986 logices,
1098 3937 1113 3974 e
1123 3926 1196 3975 bonis
1205 3922 1350 3974 auctoribus

325 4005 461 4067 petendum
471 4017 536 4068 eaepe
549 4006 580 4055 ad
594 4008 675 4056 ravim
687 4007 866 4066 inclamitavit3
879 4007 944 4056 unde
958 4013 983 4058 et
993 4010 1121 4059 usuarius
1131 4005 1267 4058 honorifico
1277 4006 1351 4054 titulo

325 4087 356 4138 ab
367 4087 513 4138 adversariis
524 4089 605 4138 dictus
616 4093 667 4148 est,
683 4099 758 4150 quem
771 4088 859 4152 probro
873 4094 957 4140 notare
973 4092 1143 4152 cogitabant.»
1154 4090 1270 4149 Naucel,
1287 4089 1304 4139 l.
1317 4103 1352 4150 e„

326 4183 351 4232 p.
366 4174 410 4229 35,
422 4173 463 4219 36.
