2912 5066
690 503 735 516 -
761 465 903 534 200-

321 633 354 688 ut
367 643 447 688 nnuc
461 628 614 700 leguntur,
629 628 725 686 liamo
739 627 817 686 duce
828 630 919 700 atque
933 627 1058 683 auctore
1066 665 1076 696 ,
1090 623 1205 699 populo
1221 624 1302 682 exhi·

321 729 400 787 bul»
424 724 455 804 (l.
472 743 514 800 e,
536 743 565 802 p.
584 725 706 803 3138).
734 729 803 784 llaec
822 725 980 785 Naucelius
994 725 1113 798 scripsit
1128 737 1198 782 ann.
1214 724 1300 781 1599.

321 828 385 888 vid.
399 833 500 887 tamen
515 829 589 888 Blbl
609 829 740 897 classic,
757 832 814 887 etc.
833 823 998 903 (iuononi,
1013 820 1211 901 1615),·1111111
1227 824 1304 924 1175

325 927 358 1007 (1
379 945 404 988 c.
426 926 516 1004 1387)
539 946 548 988 :
570 929 622 988 ubl
645 929 815 988 indicantur
828 931 855 987 l.
875 927 1062 1002 Quinquarb.
1085 927 1194 1000 linguae
1213 926 1299 985 hebr.

321 1032 427 1104 instit,
442 1046 561 1091 necnon
576 1035 605 1089 Ρ.
625 1032 728 1102 llami,
743 1030 879 1101 Parisiis,
895 1045 942 1105 ap.
962 1030 1146 1089 Weohelum.

283 1170 309 1228 11.
337 1167 514 1226 Adversaris
528 1167 567 1225 de
583 1167 716 1227 Platonis
731 1168 923 1242 philosophia
940 1168 1129 1239 generatim,
1145 1168 1175 1224 111
1192 1167 1303 1226 dialec-

323 1266 433 1336 ticam,
448 1265 621 1338 physicam,
638 1267 767 1325 ethicam
782 1267 955 1339 digerenda
974 1265 1050 1344 (int
1069 1267 1210 1339 Teissier,
1225 1268 1246 1325 l.
1264 1267 1302 1340 el

324 1368 448 1429 lichno
470 1381 566 1441 opere
589 1367 662 1426 uihll
685 1373 877 1442 compertum
899 1368 1000 1428 habeo
1012 1411 1022 1442 ,
1045 1383 1219 1444 quanquam
1245 1383 1304 1428 non

325 1469 464 1541 ignorem
485 1467 613 1526 llamum
634 1467 673 1526 de
695 1468 827 1528 Platonis
846 1469 1038 1543 philosophia
1051 1470 1197 1529 nonnulla
1212 1470 1305 1543 serip-

322 1569 413 1639 sisse,
430 1573 506 1628 teste
527 1570 649 1628 Nancel.
676 1571 706 1628 in
728 1571 814 1629 Rami
835 1572 922 1636 Vita.
943 1587 972 1646 p.
1000 1573 1036 1628 32
1060 1576 1138 1645 etp.
1165 1573 1212 1632 hb.
1238 1571 1300 1629 vid.

324 1683 436 1742 supra,
453 1683 483 1742 p.
502 1668 619 1740 195,11.
640 1669 728 1727 3.(11.
747 1668 887 1728 biblioth.
915 1673 1004 1727 conr.
1029 1670 1170 1740 Gesneri,
1185 1669 1303 1740 Tiguri‚

325 1769 422 1840 1583,
436 1768 538 1828 in-lol.

284 1908 310 1965 5.
331 1906 593 1966 hudomarlTalael
603 1911 820 1980 opera-iam
830 1907 902 1965 satis
913 1907 1034 1966 dehud.
1047 1908 1306 1988 Talaeihhetorica

326 2007 454 2067 diximus
469 2007 546 2083 (vid.
562 2022 670 2082 supra,
684 2024 715 2083 p.
732 2011 852 2081 51,1111
869 2009 903 2080 5;
916 2025 945 2083 p.
961 2009 1041 2081 181),
1052 2024 1144 2083 quam
1156 2010 1207 2068 ille
1221 2009 1304 2067 llami

326 2110 570 2185 praelectionihus
584 2110 797 2182 observatam,
813 2112 985 2185 eodemque
1000 2115 1124 2170 auctore
1139 2115 1170 2169 et
1184 2126 1306 2170 suasore

326 2212 431 2270 edidit.
451 2215 584 2270 Fuerunt
602 2218 703 2271 autem
727 2213 757 2270 111
776 2212 938 2272 Germania
958 2211 1013 2270 viri
1031 2211 1175 2285 quidam,
1195 2213 1306 2286 alioqui

327 2329 389 2374 non
416 2312 546 2384 indocti,
568 2313 619 2387 qui
642 2314 813 2387 putaverint
835 2313 968 2370 Talaeum
991 2312 1112 2371 minime
1140 2313 1305 2384 exstitisse,

325 2417 379 2476 sed
389 2416 560 2475 eonomine
573 2416 701 2473 Ramum
715 2430 801 2474 usum
815 2415 906 2474 luisse
916 2456 925 2486 ‚
936 2429 998 2489 quo
1012 2413 1138 2472 liberius
1148 2415 1178 2473 in
1189 2420 1305 2476 veteres

328 2519 513 2593 inquireret,
529 2528 675 2589 suamque
698 2514 736 2573 de
754 2514 931 2573 liberalibus
952 2512 1067 2571 artibus
1088 2512 1256 2572 doctrinam
1274 2516 1303 2572 in

327 2621 426 2679 lucem
446 2619 561 2676 ederet.
584 2617 668 2688 Quos
691 2617 802 2674 erroris
819 2616 907 2676 facile
926 2615 1075 2674 convincit
1088 2617 1243 2689 hienagius
1261 2618 1305 2676 his

327 2721 427 2781 verbis
447 2734 455 2778 :
478 2741 490 2772 1
515 2719 588 2778 Paul
611 2720 720 2778 Frisius
743 2732 904 2793 remarque
926 2733 986 2777 une
1012 2719 1104 2778 chose
1124 2719 1304 2792 singulare,

328 2816 1309 2894 wfflwfflfflmmmffiwmmm

327 2919 444 2977 d’autre
458 2921 550 2975 omer
566 2918 661 2975 Talon
676 2932 736 2991 que
751 2919 864 2976 llamus
877 2917 1036 2976 lui-meme
1053 2918 1176 3007 degulsd
1191 2932 1262 2976 sous
1274 2932 1307 2976 ee

327 3031 399 3076 nom
413 3016 466 3073 iait
480 3018 498 3072 1
512 3015 627 3089 plaisir,
642 3030 720 3089 pour
734 3031 766 3074 sc
780 3016 914 3076 derober
928 3020 946 3074 1
960 3017 1068 3076 l’envie
1085 3022 1116 3076 et
1129 3033 1207 3093 pour
1220 3019 1308 3076 louer

330 3119 486 3178 lui-meme
510 3131 558 3176 ses
579 3131 708 3191 propres
729 3131 877 3190 ouvrages
899 3133 971 3177 avec
994 3119 1062 3193 plus
1076 3119 1115 3178 de
1139 3119 1303 3193 prolusion.

327 3223 438 3282 Frisios
456 3221 504 3279 n’a
526 3219 620 3292 garde
635 3219 674 3277 de
694 3219 811 3279 donner
830 3220 905 3278 daus
918 3225 997 3280 cette
1016 3222 1233 3293 imaginatum,
1248 3236 1307 3297 que

328 3323 390 3381 l'on
401 3320 518 3380 londait
528 3334 579 3378 sur
588 3319 792 3393 l’etvmologie
805 3320 846 3378 du
857 3335 929 3379 nom
939 3321 977 3379 de
990 3321 1102 3393 Talon,
1115 3336 1152 3380 eu
1164 3323 1192 3380 le
1201 3322 1308 3380 faisant

327 3423 412 3482 venir
432 3422 504 3481 d'uu
523 3425 587 3479 mot
604 3435 676 3492 grec
693 3422 746 3494 qui
767 3422 883 3494 signlhe
900 3437 1025 3479 romena
1044 3428 1108 3479 cert
1130 3419 1258 3500 (θαλλός).
1282 3423 1307 3479 11

327 3525 405 3583 11111
426 3538 486 3597 que
510 3522 646 3581 l'artilice
676 3522 805 3581 u’aurait
830 3524 915 3596 point
936 3523 1031 3581 reussi
1055 3525 1073 3579 1
1096 3525 1208 3582 Remus
1234 3523 1308 3582 daus

328 3625 418 3682 Paris.
441 3624 585 3696 hjoutons
599 3636 659 3697 que
673 3622 818 3681 l'hlstoire
833 3623 871 3682 de
885 3624 1073 3682 l'Universite
1089 3625 1202 3683 detrult
1215 3624 1306 3684 abso-

327 3726 443 3784 lument
456 3727 535 3781 cette
550 3723 663 3794 vlsiou,
678 3724 839 3798 puisqu’on
860 3725 952 3799 yvoit
966 3727 1059 3783 011111
1073 3725 1168 3785 Talon
1183 3725 1253 3800 qui,
1269 3741 1306 3784 en

329 3827 430 3896 15111,
445 3825 531 3900 prete
552 3829 685 3882 serment
702 3830 788 3884 entre
811 3827 857 3885 les
878 3828 974 3886 mains
988 3827 1030 3885 du
1051 3832 1172 3887 recteur
1186 3829 1306 3886 nomme

327 3931 365 3990 dc
386 3929 507 4002 hlcry.»
528 3925 738 3997 Anti-Balllet,
760 3933 814 3985 art.
833 3931 927 3988 Omer
941 3931 1057 3999 Talon,
1078 3934 1098 3986 1.
1118 3931 1166 4001 11,
1181 3943 1210 4002 p.
1236 3930 1304 4000 181,

327 4033 385 4092 col.
395 4030 547 4090 b.-hud.
559 4031 651 4090 Talael
665 4044 761 4106 opera
774 4031 921 4106 pleraque
932 4032 1041 4104 Freigii
1051 4047 1125 4091 cura
1135 4033 1217 4092 edita
1226 4040 1305 4103 suut,

326 4137 385 4196 hoc
406 4147 517 4219 nempe
539 4133 627 4193 titulo
651 4155 657 4192 :
682 4134 844 4194 hadomari
867 4135 974 4208 'lalaei,
1003 4149 1094 4209 quem
1115 4136 1195 4194 Petri
1221 4136 1306 4194 llami

330 4234 471 4293 Theseum
490 4235 591 4293 dicere
604 4231 676 4306 'J'ure
696 4235 814 4308 possis,
834 4237 952 4308 Opera,
977 4235 1171 4305 elegantioris
1188 4234 1308 4293 metho-

328 4334 402 4392 dicae
413 4336 611 4408 philosophiae
620 4336 760 4395 studiosis
772 4338 1007 4410 pernecessaria.
1024 4337 1163 4407 basileae,
1175 4351 1212 4393 ex
1226 4335 1303 4394 otiic.
