2916 5062
542 457 735 538 ..73-

123 631 232 717 dicio,
243 631 267 702 il
278 645 300 702 a
313 627 446 721 munde
456 636 492 698 et
500 628 628 720 longue
640 631 957 703 recommendation
967 642 1031 704 eta
1041 633 1146 705 hecu-

124 771 218 843 eoup
238 747 380 836 merite,
409 767 616 818 commones
639 747 754 819 lettres
774 755 809 819 et
824 750 961 836 souvoir
978 752 1010 822 le
1027 753 1146 824 temol-

125 876 233 960 gnent
245 889 342 938 assez
351 859 467 938 connu
478 886 542 958 per
554 885 601 936 un
618 866 750 938 chacun
763 894 773 956 3
788 867 975 940 hoonnum
985 879 1020 941 et
1034 873 1146 968 solum

126 986 302 1078 objicitur,
316 984 413 1077 quod
429 983 503 1078 ipse
515 985 693 1056 confossus
702 993 754 1056 est
765 983 833 1083 (i),
853 987 935 1078 quin
949 1000 1149 1084 ἀγραμμάτης

8 1167 12 1192 ,
125 1106 182 1193 sit,
194 1105 337 1199 n’ayunt
348 1103 409 1174 luit
423 1103 616 1196 profession
629 1125 671 1174 en
685 1105 984 1198 mathematiques.
1003 1104 1107 1179 Ausci
1125 1107 1148 1177 ii

8 1259 13 1330 ¹.
125 1222 240 1317 prend
257 1241 320 1292 son
334 1219 412 1290 titre
430 1218 475 1291 de
493 1221 622 1291 lecteur
643 1245 683 1291 en
701 1222 899 1316 philosophie
915 1239 948 1294 et
967 1225 1148 1294 mathema·
1272 1303 1276 1310 ,

9 1343 14 1361 ’
127 1346 225 1433 tique.
246 1339 296 1409 lln
315 1360 411 1434 quoy
430 1347 483 1409 est
505 1338 526 1410 i
547 1338 707 1409 cruindre
730 1361 800 1430 que
824 1341 857 1410 lu
883 1340 1102 1434 philosophie
1127 1343 1147 1413 i

126 1459 175 1528 lui
198 1459 267 1528 fort
288 1457 514 1530 inminuere
530 1457 580 1528 lui
600 1458 690 1528 fasse
705 1457 825 1528 laisser
847 1479 893 1528 ou
913 1458 1149 1530 discontinuer

127 1579 177 1647 ies
191 1575 496 1666 mathematiquee,
511 1575 573 1668 qul
587 1584 640 1647 est
652 1577 685 1646 la
704 1577 803 1669 place
820 1597 890 1667 que
909 1577 979 1646 l’on
994 1575 1107 1647 desire
1128 1576 1149 1646 i

8 1755 9 1758 ,
131 1699 269 1788 present
284 1693 539 1788 estreremplie.
571 1747 579 1764 .
612 1746 619 1763 .
652 1750 660 1764 .
693 1743 700 1764 .
733 1749 740 1764 .
773 1747 781 1764 .
813 1747 820 1763 .
854 1746 861 1763 .
894 1743 902 1762 .
935 1744 1145 1764 ......

128 1815 241 1885 loinct
273 1815 306 1884 la
339 1812 432 1904 regie
461 1832 644 1886 commune
666 1814 728 1905 qui
755 1822 837 1884 veut
861 1835 930 1906 quo
959 1829 994 1885 ot
1016 1818 1149 1906 quicque

127 1957 224 2027 quum
246 1939 334 2004 nouit
351 1949 474 2020 ortem,
494 1937 528 2002 in
547 1933 607 2004 huc
630 1957 667 2004 se
688 1950 858 2022 connect,
879 1942 914 2004 et
935 1953 1005 2004 une
1028 1941 1145 2018 autre,

128 2075 170 2122 ne
186 2066 278 2121 sutor
299 2052 385 2122 ultro
407 2054 583 2144 crepidam.
602 2051 696 2145 Vray
713 2060 765 2122 est
783 2072 853 2142 que
867 2052 896 2124 ei
913 2051 1148 2145 Churpeniier,

127 2170 189 2262 qui
209 2191 230 2240 a
247 2170 378 2264 l’esprit
390 2170 419 2240 si
432 2170 608 2257 heureux,
628 2169 775 2263 s’yveot
788 2190 944 2258 cremer,
966 2191 1009 2242 eu
1026 2191 1095 2264 peu
1107 2169 1153 2240 de

129 2299 239 2382 temps
256 2290 279 2359 il
298 2305 341 2360 en
359 2307 483 2376 scauro
500 2289 697 2381 beaucoup,
723 2310 782 2359 cer
794 2289 854 2384 n'y
867 2298 920 2361 est
936 2290 1151 2380 l'cloquence

129 2408 156 2477 si
171 2417 278 2479 event
292 2408 446 2500 requiro,
464 2408 553 2479 mais
564 2407 677 2501 plutht
695 2429 762 2478 une
777 2429 922 2498 marque
939 2416 974 2478 et
990 2407 1088 2498 signe
1102 2408 1150 2477 du

129 2528 227 2620 doigt
238 2551 323 2600 avec
338 2551 385 2599 un
396 2548 526 2623 croyon
537 2525 601 2623 (2).

175 2672 194 2715 c
212 2648 350 2719 L'nuire
365 2646 529 2718 difficulte
545 2652 597 2718 est
609 2667 700 2740 pour
712 2648 901 2732 l’exemen,
920 2642 1034 2714 disent
1045 2640 1148 2712 Char-

6 2779 7 2872 j
128 2767 281 2860 pentier‚
311 2787 379 2857 que
407 2767 556 2857 jusques
585 2765 629 2836 ici
657 2765 728 2836 l'on
756 2765 814 2836 n'a
828 2763 1002 2836 'examino
1033 2784 1149 2834 aucun

129 2906 287 2977 pourveu
304 2884 429 2956 d'estut
446 2884 491 2955 de
511 2885 710 2977 professeur
732 2894 767 2956 et
784 2887 914 2964 lecteor
927 2882 1064 2977 public,
1082 2904 1152 2973 que

129 3003 347 3074 uountmoins
362 3003 432 3082 l'on
448 3009 533 3072 veut
550 3023 768 3074 commoneor
783 3003 803 3073 i
816 3003 891 3096 luy,
910 3001 1026 3092 coqui
1042 3023 1086 3070 ne
1103 2999 1151 3070 lui

6 3179 7 3196 2
129 3123 259 3194 semble
275 3121 506 3211 roieonnable,
525 3126 583 3220 qui
591 3122 666 3216 jum
679 3145 775 3216 snper
786 3122 837 3191 liic
847 3122 1023 3212 probatur.-
1039 3121 1152 3188 ἅεὶηάε

130 3263 208 3312 ores
226 3242 311 3333 qu’il
334 3243 403 3312 lust
423 3244 513 3334 nujet
536 3243 556 3313 i
578 3241 773 3328 l'exumcn,
796 3239 880 3329 qu'il
900 3259 943 3308 ne
964 3237 1039 3308 doit
1061 3245 1153 3306 estre

6 3429 7 3458 ,
130 3359 190 3430 leit
209 3380 275 3452 per
288 3360 429 3448 Rumon,
452 3359 596 3431 attendo
612 3359 705 3429 leurs
720 3356 936 3428 contentione
954 3370 986 3425 ei
1000 3353 1153 3426 vendicet

130 3481 536 3568 scriptitassezconnues
552 3499 613 3570 pro
631 3499 669 3546 re
688 3476 834 3546 literaria
852 3474 916 3564 (3).
944 3526 951 3541 .
979 3526 985 3540 .
1019 3525 1027 3540 .
1061 3523 1068 3540 .
1102 3525 1109 3540 .
1141 3497 1177 3540 .·

161 3731 198 3796 (i)
213 3730 268 3780 vid·
281 3730 352 3782 lierni
371 3733 426 3782 het·
440 3730 561 3781 muthem.
577 3729 652 3792 prim.
668 3732 695 3779 et
704 3726 911 3784 llemomtrunce
925 3731 994 3777 ete...
1014 3727 1054 3776 Sic
1069 3730 1153 3777 nutem

6 3845 8 3855 ι
130 3811 181 3866 luo.
194 3815 370 3877 Corpentnriue
380 3817 407 3864 in
416 3814 500 3865 libello
512 3815 552 3864 oui
568 3812 657 3863 titulun
666 3814 718 3864 ret:
733 3810 771 3861 id
783 3811 967 3874 dipositionem
977 3811 1009 3861 de
1019 3809 1154 3868 methodo,

6 3895 7 3902 ’
131 3897 373 3950 conirniheesuiurn
386 3896 693 3959 contaminatione
708 3895 893 3954 methodium,
914 3893 1063 3956 Responsio,
1077 3895 1154 3941 idol:

133 3983 213 4032 usum
221 3980 587 4046 toipttumpoptrpum
595 3999 601 4029 ι
610 3991 716 4042 agnosco
726 3978 774 4028 hoc
781 3989 880 4040 unoque
889 3980 913 4026 et
922 3989 952 4026 eo
962 3979 1014 4039 ipro
1022 3981 1047 4024 te
1056 3986 1154 4036 supero,

132 4065 196 4126 quod
206 4066 232 4114 in
244 4066 274 4114 iic
286 4064 348 4114 nihil
359 4066 445 4124 magni
456 4074 568 4125 unqnum
578 4062 610 4112 do
620 4075 661 4113 me
672 4074 730 4111 eum
739 4059 872 4123 protessus.
885 4075 897 4101 ι
909 4057 950 4108 iol.
963 4064 988 4106 ii
1002 4069 1027 4105 v.

163 4145 197 4211 (2)
213 4147 268 4197 vid.
279 4148 333 4197 Act.
348 4147 496 4198 methemat.
511 4158 560 4196 nee.
571 4165 578 4206 ς
591 4144 798 4200 iiemonstrnnce,
810 4145 856 4190 eto.

161 4231 195 4292 (3)
212 4229 316 4280 Nullum
327 4233 411 4282 tnrnen
422 4229 634 4291 udhnoecriptum
644 4227 764 4276 udrersun
777 4223 907 4272 inimicum
922 4219 1016 4271 humus
1030 4219 1154 4279 ediderat,

132 4319 160 4365 ui
171 4316 223 4378 ipio
235 4314 318 4378 polum
329 4313 464 4364 deelurnrii
473 4315 498 4362 in
510 4314 563 4364 dci.
576 4310 655 4362 mutii.
669 4321 719 4359 uec,
