2912 5066
512 447 725 528 etat-

108 627 201 709 tore,
219 620 340 712 judice
353 619 407 708 (l)
420 618 638 711 probandam
654 629 688 690 ct
700 618 946 691 vindicandam
966 607 1132 711 suscipiO,

110 761 153 808 ne
169 740 215 809 ab
236 736 403 830 imperitis
420 733 612 806 Aristotelis
630 736 874 830 interpretibus
898 735 933 805 iu
956 743 1133 828 posterum

110 856 250 949 tragicis
264 854 404 925 theatris
417 861 452 924 et
463 854 678 924 coutumeliis
689 855 966 946 traducaturl2).
982 879 1000 922 n
1012 853 1134 938 Quem-

112 975 302 1048 admodum
330 973 436 1065 igitur
459 980 567 1056 artem
593 973 852 1046 exercitationis
878 973 1034 1063 regulam
1057 974 1136 1064 jure

114 1094 360 1180 constituerat,
387 1090 434 1160 ita
451 1099 610 1160 naturam
626 1091 710 1162 artis
725 1091 925 1183 magistram
942 1112 1018 1162 esse
1030 1093 1103 1161 vult
1125 1119 1132 1161 :

114 1213 213 1302 cujus
228 1207 446 1294 monitiones,
461 1216 626 1298 tanquam
642 1209 718 1278 deae
733 1207 914 1298 cujusdam
930 1209 1071 1278 oracula
1088 1229 1138 1278 se

115 1327 175 1416 qui
193 1327 350 1397 doctriua
367 1325 493 1396 debeat
509 1322 580 1420 (3).
605 1324 814 1396 Praeclarum
835 1346 917 1396 sane
935 1324 1022 1396 illud
1036 1326 1101 1395 luit
1116 1349 1138 1396 a

114 1446 224 1515 Ramo
238 1444 424 1533 traditum,
443 1453 580 1535 atquae
595 1444 772 1535 permultis
786 1452 908 1536 postea
922 1443 1138 1536 philosophis

115 1560 237 1632 merito
255 1562 463 1632 celebratum
485 1558 549 1654 (l).
570 1560 727 1649 Scilicet,
750 1561 832 1631 dum
850 1561 979 1630 Ramus
996 1568 1066 1630 tam
1080 1582 1137 1631 sa·

118 1679 247 1770 gaciter
265 1677 483 1750 Aristotelem
507 1678 770 1771 interpretatur,
797 1699 987 1770 sanequam
1011 1678 1139 1769 dignus

119 1806 169 1868 est
187 1796 248 1888 qui
264 1794 457 1866 Aristotelis
472 1815 542 1865 non
563 1803 825 1882 commentator,
842 1795 905 1866 sed
919 1794 1139 1865 continuator

119 1915 301 1986 habeatur.
326 1913 461 1983 Primus
474 1905 566 1983 euim
583 1922 661 2005 post
678 1911 895 1983 scholasticae
910 1911 1141 2005 philosophiae

120 2035 288 2118 tempora,
304 2025 466 2096 derelicta
485 2025 597 2115 logica
611 2023 669 2094 illa
680 2045 766 2128 quae
782 2021 874 2095 circa
884 2026 992 2097 verba
1009 2035 1141 2096 tautum

121 2143 385 2232 immorabatur,
414 2143 640 2214 recentiorem
667 2142 757 2213 hanc
785 2144 908 2235 logicae
940 2144 1141 2215 methodum

121 2263 319 2355 auspicatus
347 2270 421 2349 est,
452 2282 534 2352 quae
554 2282 622 2348 res,
653 2281 724 2332 non
750 2262 858 2333 verba
882 2271 1005 2348 curat,
1035 2271 1070 2333 et
1096 2263 1141 2334 ad

124 2381 235 2474 ipsam
254 2403 368 2452 rerum
393 2380 626 2451 inventionem
650 2379 853 2471 accingitur.
882 2381 969 2450 Tum
994 2382 1142 2473 primum

13 2571 15 2592 ,
123 2499 167 2570 ad
185 2521 268 2572 vera
286 2500 498 2593 propriaque
512 2497 682 2592 principia
707 2497 935 2568 ratiocinandi
956 2498 1011 2569 vel
1028 2499 1143 2591 potius

123 2617 299 2709 cogitandi
318 2627 426 2689 artem
448 2616 647 2706 revocavit,
674 2616 803 2688 scilicet
820 2616 866 2687 ad
884 2616 1027 2686 humani
1043 2616 1143 2687 intel-

123 2735 233 2804 lectus
249 2734 586 2827 contemplationem.
610 2734 712 2819 Quod
733 2742 849 2804 autem
871 2733 987 2805 adhuc
1008 2732 1145 2804 nonnisi

125 2854 160 2921 in
182 2853 304 2923 morali
324 2853 481 2924 doctrina
501 2851 666 2924 usitatum
687 2854 821 2942 fuerat,
847 2863 918 2924 tum
940 2853 1090 2946 primum
1111 2853 1147 2922 in

126 2970 304 3043 dialectica
320 2981 355 3043 et
377 2972 412 3042 in
438 2971 531 3042 omui
557 2971 786 3064 philosophias
811 2982 909 3066 parte
932 2982 1145 3066 praeceptum

127 3089 313 3160 Socratis:
347 3099 438 3185 γνῶθι
469 3097 590 3164 σεαυτόν
620 3093 825 3182 usurpavit;
856 3085 899 3160 de
927 3088 1147 3182 philosophia

128 3207 271 3297 quidem
293 3207 422 3300 optime
438 3209 599 3296 meritus,
627 3209 656 3278 si
681 3208 831 3278 Socratis
854 3207 1057 3277 senteutiam
1080 3206 1150 3275 siu-

128 3325 241 3396 cerius
263 3326 490 3417 intellectam,
519 3327 566 3398 ad
591 3327 821 3418 cognitionem
847 3325 992 3415 mentis,
1019 3325 1148 3395 nonin

131 3445 218 3515 alios
240 3446 302 3518 sed
328 3447 364 3515 in
383 3446 601 3541 semetipsam
627 3465 826 3534 conversas,
854 3449 1011 3538 spectare
1037 3465 1148 3535 agno·

164 3802 200 3868 lt)
217 3804 322 3856 Elanch.
331 3806 446 3870 soplrlsl.,
455 3807 472 3858 1.
487 3807 511 3870 l,
524 3820 546 3856 c.
557 3811 580 3858 2.

164 3884 200 3949 (a)
216 3886 298 3938 schol.
313 3888 384 3950 dlal.,
396 3889 494 3950 l.ll,c.
509 3896 532 3940 1.

164 3967 198 4027 (3)
218 3966 318 4018 [llalect.
333 3972 429 4033 partit,
437 3969 480 4021 tol.
491 3973 504 4020 l
515 3983 536 4020 r.

164 4051 197 4112 (l)
209 4049 260 4100 lloc
268 4056 308 4114 est,
316 4054 445 4104 exordlum
453 4054 531 4104 llbclll
541 4055 576 4105 lta
584 4055 668 4117 logica
676 4060 769 4120 origine
781 4070 824 4121 per
833 4057 861 4106 P.
871 4056 1043 4106 Gasscndum2
1056 4073 1067 4101 a
1081 4057 1154 4106 l‘rin⁴

132 4134 211 4195 cipio,
225 4147 285 4184 cum
296 4136 399 4198 vulgare
413 4140 446 4187 stt
454 4137 580 4201 duplicem
592 4139 696 4200 logicam
702 4140 829 4200 distingui,
848 4139 989 4189 naturalem
999 4151 1086 4199 unam,
1095 4144 1156 4189 arti⁴

16 4221 18 4228 ’
130 4213 237 4268 tlcialcm
253 4219 366 4280 alteram,
379 4226 427 4272 cte.
436 4238 448 4267 n
461 4221 499 4272 cl.
512 4223 648 4285 Dcscartcs,
660 4224 725 4274 Dirc.
734 4223 764 4273 de
774 4223 798 4274 la
809 4222 894 4285 lieth,
908 4225 974 4283 init,
988 4223 1155 4287 Port-lloral,

17 4365 18 4374 ἵ
131 4299 320 4364 Artdeoenscr,
332 4315 411 4366 prem.
422 4305 554 4363 ltisc.,ctc.
776 4301 781 4309 ’
