2916 5062
723 415 916 484 -90..

356 575 425 648 Sed
443 597 552 667 quum
572 577 743 668 reliquum
759 575 841 644 vitae
865 574 1014 666 spatium
1035 575 1069 644 ln
1094 575 1248 666 legendis
1270 599 1340 669 pu·
1452 561 1453 566 ¹

308 692 397 764 bliee
422 695 625 766 auctoribus
648 692 848 788 impendere
867 693 1062 782 statuisset,
1089 694 1171 764 mali
1188 695 1340 785 quidam

309 809 464 882 homines
483 811 679 901 intorques
697 809 940 904 carpentarius
954 808 1146 897 eminebat,
1162 811 1197 878 in
1211 809 1343 881 odium

309 930 504 1000 reformatae
521 928 697 1019 religionis
713 947 823 998 novas
837 935 958 997 contra
972 947 1052 996 eum
1066 927 1187 996 turbas
1199 929 1345 998 excita·

307 1055 388 1115 runt
405 1043 472 1140 (l).
492 1046 583 1130 Quin
600 1046 748 1118 alienata
769 1044 957 1116 cardinalis
980 1043 1178 1134 Lotharingi
1192 1052 1339 1129 mente,

304 1166 380 1253 jam
388 1166 641 1236 malevolorum
655 1165 874 1236 sermonibm
883 1163 1093 1255 jactabatur,
1111 1163 1250 1249 Petrum
1267 1163 1344 1232 Ra·

309 1303 404 1354 mum
424 1305 445 1354 a
467 1284 642 1356 cardinale
661 1284 826 1377 spoliari,
851 1301 924 1352 non
947 1283 1060 1352 solum
1087 1282 1183 1372 regia
1199 1282 1341 1374 proles-

309 1400 422 1490 sione,
448 1403 627 1494 adquam
653 1401 915 1496 adipiscendam
939 1400 1016 1493 ipse
1039 1401 1197 1471 clientem
1229 1421 1339 1471 suum

309 1514 457 1592 ilenrico
474 1520 547 1612 regi
560 1521 817 1612 designaverat,
834 1519 896 1590 sed
915 1519 1048 1590 Praellei
1065 1519 1235 1614 gymnasii
1252 1541 1337 1613 pos-

309 1638 479 1726 sessione,
512 1639 622 1710 idest
651 1639 805 1709 omnium
834 1638 1111 1709 antecedentium
1138 1638 1337 1709 studiorum

311 1757 479 1826 fructuac
495 1756 666 1827 meroede.
685 1756 819 1839 Quibus
841 1756 987 1845 auditis,
1005 1758 1134 1828 llamus
1158 1759 1204 1828 ad
1225 1757 1335 1828 Caro-

309 1874 381 1944 lum
410 1871 656 1965 Lotbaringnm
685 1893 762 1945 cum
791 1874 837 1945 de
854 1875 949 1966 regia
977 1875 1162 1964 cathedra,
1189 1885 1261 1946 tum
1288 1875 1338 1947 de

310 1991 455 2062 Praelleo
470 2013 535 2062 suo
552 2017 653 2087 repno
670 1993 744 2082 (ita
763 1992 855 2063 enim
877 2012 1005 2064 vocare
1024 1991 1196 2090 solebat),
1219 1994 1337 2064 literas

309 2107 413 2177 mittit
437 2135 446 2178 :
469 2109 505 2180 in
525 2110 656 2202 quibus
676 2111 862 2180 amicitiem
888 2120 1059 2200 veterem,
1089 2133 1180 2183 anno
1206 2111 1336 2183 abbino

283 2267 287 2274 ·
312 2227 434 2316 quinto
446 2249 556 2322 prope
567 2251 609 2300 ac
622 2230 808 2318 tricesimo,
822 2231 858 2300 in
871 2231 1046 2302 Nava-mea
1058 2231 1177 2302 sobole
1193 2233 1337 2304 inchoa-

311 2355 381 2416 tam
412 2357 592 2420 mernorat.
620 2373 637 2416 o
666 2349 898 2432 Quamobrem
925 2355 974 2420 te'
990 2350 1165 2438 obtestor,
1195 2351 1332 2442 inquit,

312 2485 374 2555 per
402 2485 509 2537 canos
541 2467 721 2558 utriusque
745 2478 948 2540 nostrum...
977 2468 1105 2562 perfice
1128 2491 1173 2541 ne
1190 2479 1334 2541 aetatum

312 2591 508 2657 nostrarum
522 2591 679 2658 extrema
689 2587 737 2657 ab
746 2587 851 2657 initiis
865 2587 1093 2680 discrepasse,
1109 2609 1196 2660 neve
1211 2610 1335 2661 cursus

311 2719 483 2774 annorum
515 2715 735 2794 nostrorum,
769 2727 789 2778 a
820 2706 961 2777 comice
987 2707 1164 2803 principiis
1192 2710 1332 2798 exorsi,

312 2820 463 2910 tragicos
489 2824 604 2894 extum
632 2824 795 2896 babuisse
822 2824 1007 2896 videantur
1032 2824 1101 2920 (2).
1123 2817 1200 2896 »ln
1225 2829 1335 2898 altera

312 2943 428 3006 autem
441 2941 605 3032 epistola,
624 2943 771 3033 ingrati,
794 2944 910 3038 impii,
929 2945 1065 3015 rebellis
1082 2945 1187 3015 animi
1197 2946 1334 3019 crimen

312 3049 433 3140 diluit,
458 3053 588 3148 quippe
607 3056 667 3150 qui
690 3079 710 3128 a
736 3079 818 3128 vera
843 3057 971 3151 pietate
996 3079 1176 3150 nunquam
1201 3059 1330 3140 disces-

311 3167 417 3259 serit,
454 3171 624 3243 bellorum
661 3183 775 3245 autem
810 3166 1008 3267 spectator,
1054 3197 1124 3246 non
1157 3178 1333 3269 praeliator

313 3290 433 3380 luerit,
458 3295 591 3364 nullum
616 3295 766 3402 denique
788 3293 994 3366 beneficium
1011 3315 1032 3365 a
1052 3295 1226 3366 cardinale
1242 3296 1333 3364 ultro

307 3405 529 3496 flagitaverit.
553 3433 570 3476 «
587 3409 655 3498 Te,
677 3410 811 3501 inquit,
834 3408 949 3516 multis
976 3407 1219 3496 audientibus,
1240 3429 1331 3500 prae·

312 3749 371 3787 nun.
392 3741 461 3798 1511,
482 3739 604 3790 Lutetiam
629 3751 757 3792 reuersum
777 3742 861 3792 luisse·
881 3743 992 3804 Namque
1009 3745 1088 3792 oratio
1112 3742 1336 3804 illeneqnaquatu

311 3823 377 3872 dictu
385 3821 429 3872 sed
439 3825 529 3886 scripta
541 3828 639 3873 tuntum
651 3824 710 3882 luit,
725 3826 838 3886 editaque
856 3825 993 3877 tamenne
1008 3829 1063 3888 pout
1074 3825 1145 3886 ltaml
1157 3825 1276 3880 reditum.
1288 3825 1337 3875 Ce-

312 3909 394 3957 terum
410 3905 460 3956 rid.
476 3906 547 3956 llamt
568 3907 644 3970 Epist.
657 3909 688 3957 ad
705 3908 787 3958 carol.
801 3908 887 3966 Loth..
903 3915 926 3957 11
939 3908 986 3957 cul.
1003 3921 1061 3958 ner.
1077 3911 1146 3968 15111,
1157 3921 1212 3970 qum
1222 3909 1285 3958 duta·
1300 3913 1337 3958 est

313 3993 424 4042 anteum

343 4075 376 4138 (t)
394 4073 497 4132 Bonos..
510 4090 533 4140 p.
547 4084 585 4129 at.
596 4077 633 4128 Cl.
648 4075 684 4128 llu
700 4077 804 4140 boulay,
818 4081 836 4127 t.
847 4078 893 4137 Vl,
907 4081 937 4128 nd
950 4093 1010 4130 ann.
1023 4084 1092 4136 tcto,
1108 4081 1175 4128 toti.
1185 4077 1242 4126 vid.
1252 4090 1340 4140 supra,

311 4167 336 4222 p.
346 4167 393 4220 to,
409 4168 461 4212 not.
473 4165 518 4224 (1).
668 4175 677 4180 ·

343 4245 377 4306 (t)
396 4245 471 4314 Epist.
486 4249 559 4308 prior.
570 4249 601 4298 ad
618 4246 698 4298 Carol-
716 4248 816 4296 helluri.
828 4247 905 4304 card„
918 4249 987 4301 tato,
1006 4249 1031 4296 in
1045 4244 1179 4296 collectan.
1194 4248 1277 4310 cplst.,
1290 4243 1343 4295 etc‘
