2912 5066
528 441 744 512 -ioi-

93 663 102 676 .
128 603 288 697 ciplinam
315 599 431 678 audio
457 603 636 695 sapientise
670 605 876 677 condheri»
901 615 1058 678 censeret
1082 611 1147 698 (t).

175 725 225 794 De
251 721 432 794 dialccbm
461 721 558 793 Remi
587 723 773 816 separatim
802 726 939 816 loquar,
966 735 1151 819 postquam

131 843 174 916 de
192 841 317 914 ceteris
335 839 527 933 disciplinis
546 861 720 934 perpauca
739 841 831 914 dicta
849 841 986 914 fuerint.

176 961 438 1036 Mathematicas
454 959 489 1030 in
503 960 624 1053 primis
638 970 729 1033 artes
744 963 869 1052 coluit,
881 970 923 1034 ut
937 985 1042 1058 supra
1060 963 1149 1036 dlxi-

132 1102 221 1152 mus.
238 1077 361 1152 Libros
371 1079 589 1170 complures,
604 1096 736 1171 eosque
752 1079 1003 1153 mathematicis
1015 1081 1155 1152 minime

131 1196 406 1272 contemnendos
439 1196 484 1268 de
513 1197 726 1269 arithmetica
763 1197 834 1294 (2),
865 1201 1052 1291 geometria
1078 1197 1151 1293 (3),

134 1314 277 1408 algcbra
293 1309 358 1409 (l),
380 1323 486 1405 atque
509 1309 544 1384 in
564 1316 737 1386 universae
756 1315 950 1387 matheseos
967 1316 1105 1387 laudem
1120 1325 1155 1387 et

135 1433 420 1510 instaurationem
434 1431 578 1505 Scholas
593 1433 853 1504 mathematicas
865 1432 921 1526 (ὅ)
935 1435 1151 1528 consempsit.

134 1553 172 1628 in
197 1554 252 1626 bis
277 1561 393 1626 autem
422 1553 520 1624 libris
541 1553 667 1623 nimius
696 1552 776 1624 licet
798 1551 977 1624 brevitatis
999 1570 1098 1624 aruer
1122 1566 1157 1624 et

135 1670 395 1766 compendiaria
419 1669 521 1742 nimis
544 1669 686 1742 scientia
705 1670 785 1762 jure
805 1671 1090 1764 reprehendatur,
1113 1693 1156 1743 eo

136 1803 251 1864 tamen
277 1788 473 1874 laudandus
498 1801 551 1860 est
575 1791 720 1879 hamus,
743 1791 840 1881 quod
865 1791 901 1861 iu
928 1791 995 1862 illis
1026 1791 1158 1861 artibus

137 1909 415 2005 perspicuitatem
429 1907 657 2000 ordinemque
670 1911 848 1980 meliorem
865 1911 1155 2003 expostulaverit,

136 2038 172 2102 ct
188 2029 223 2100 in
237 2026 446 2100 astronomia
464 2026 674 2121 hypotheses
687 2037 815 2120 prester
826 2028 1061 2099 necessitatem
1074 2027 1159 2118 tingi

138 2145 286 2220 vetuerit
299 2143 364 2240 (6).
385 2145 485 2216 Hunc
500 2143 610 2236 igitur.
621 2138 820 2235 quindecim
838 2155 873 2217 et
889 2148 1038 2239 amplius
1053 2167 1160 2218 anno

140 2287 216 2336 rum
238 2265 350 2352 labor,
375 2264 468 2336 hunc
491 2272 562 2335 mm
588 2260 686 2336 multi
715 2265 760 2335 de
784 2259 889 2335 rebus
911 2266 1161 2338 mathematicis
1236 2252 1237 2256 ¹

140 2377 219 2456 libri
251 2383 357 2473 buius
387 2382 539 2454 scientim
570 2383 689 2476 peritis
719 2382 982 2472 commendant,
1014 2405 1160 2476 praser-

142 2503 274 2594 timque
297 2501 392 2592 regia
415 2501 474 2572 illa
497 2500 659 2572 cathedra
681 2509 751 2570 tam
771 2500 959 2571 liberaliter
973 2502 1083 2593 ipsius
1099 2501 1162 2572 ime

143 2621 258 2714 pensis
276 2619 419 2692 fundata
439 2615 502 2714 (i).

190 2739 355 2833 Physicos
368 2759 510 2830 queque
520 2737 712 2810 Aristotelis
725 2735 830 2809 libros
842 2737 1011 2809 illustrare
1024 2753 1164 2830 aggress

143 2881 223 2946 sus,
241 2859 283 2932 iis
299 2861 354 2931 vel
374 2859 572 2931 imminente
587 2867 698 2932 merle
714 2873 855 2952 operam
874 2858 970 2932 dedit
988 2857 1058 2954 (8).
1076 2859 1166 2931 Hinc

175 3143 210 3209 (i)
221 3143 325 3194 Tuscul.
335 3149 439 3207 quaest,
450 3145 468 3194 l.
481 3144 502 3206 i,
511 3157 536 3195 c.-
549 3152 557 3194 t
572 3147 628 3195 init.

174 3223 209 3286 (i)
220 3219 276 3272 Viti.
288 3222 366 3274 Gelai.
378 3235 419 3286 cp.-
438 3219 520 3274 ani.
533 3249 564 3260 —
575 3225 614 3274 Sic
625 3221 655 3276 o.
666 3223 802 3282 deodatus,
813 3224 909 3272 circiter
918 3229 977 3270 ann.
995 3221 1068 3270 latii
1077 3237 1089 3264 a
1097 3219 1166 3268 haus

144 3305 167 3355 lc
179 3307 254 3356 choix
266 3305 310 3355 des
327 3307 409 3365 lieres,
426 3306 443 3355 ii
459 3305 737 3370 isuitenlrcoinpledu
749 3304 865 3354 successi
881 3302 962 3363 inegei
973 3304 1015 3363 qui
1030 3314 1057 3351 sa
1067 3300 1111 3350 tait
1125 3314 1169 3351 ret

144 3399 260 3449 marquer
273 3392 343 3438 entre
354 3387 390 3438 les
403 3400 452 3438 uns
462 3393 487 3438 et
502 3387 538 3438 les
546 3393 645 3446 anuas,
653 3399 751 3436 comnm
765 3399 809 3448 par
821 3385 934 3446 acopis
942 3388 1014 3433 entre
1027 3382 1164 3431 l'srllbrnd·

143 3472 211 3531 tique
229 3471 260 3520 de
272 3469 366 3520 Remus
382 3474 408 3521 et
426 3470 530 3520 callode
543 3469 673 3525 loncscet,
692 3470 715 3519 le
735 3471 818 3531 prince
832 3467 1009 3516 dellechiavel
1020 3470 1045 3517 st
1055 3466 1118 3517 celui
1134 3466 1167 3516 de

144 3555 201 3616 plus
210 3554 241 3603 de
252 3556 387 3616 einqnanlc
395 3553 532 3618 wanlai
547 3553 622 3604 hdvis
635 3562 698 3615 pour
706 3553 802 3601 dresser
813 3561 863 3601 nire
873 3549 985 3601 biblioth.
995 3586 1003 3610 ‚
1012 3565 1034 3601 e.
1046 3549 1085 3601 lV.

176 3638 212 3697 (a)
227 3635 374 3693 Vidicatal.
385 3647 425 3698 cp.
438 3635 520 3685 llamt.
533 3633 571 3685 Gi.-
580 3635 726 3695 llicercn5t.
741 3625 804 3693 iiiii,
814 3637 862 3682 art.
874 3629 978 3684 Ramnss

176 3721 211 3784 (i)
223 3721 285 3771 ibid.
295 3721 324 3769 iu
334 3719 493 3783 haequidem
501 3721 605 3768 seientia
616 3721 703 3768 mhrus
711 3729 787 3780 qnam
798 3720 824 3767 in
835 3717 937 3768 arithm.
949 3723 1061 3782 etgscm.
1071 3714 1170 3766 liumus

144 3804 255 3868 umenti.
272 3804 378 3853 liulinnr
387 3808 474 3853 muron
485 3803 526 3852 hie
535 3814 636 3865 quoqne
645 3804 752 3853 eontulit
762 3803 793 3852 ad
804 3802 1046 3866 ternariumque
1056 3801 1170 3864 glorians

145 3893 186 3938 tur
195 3886 270 3937 baille
278 3887 460 3936 mathematica
467 3890 541 3936 artes.
552 3887 761 3949 perspicuitatem.

174 3970 209 4034 (t)
221 3969 276 4020 lid.
288 3969 382 4028 caru„
398 3974 445 4018 etc.

176 4055 209 4116 (a)
225 4055 307 4103 behel.
322 4054 417 4111 math„
435 4053 479 4102 lib.
492 4053 529 4113 ii,
545 4063 570 4115 p.-
583 4055 622 4103 tt.

176 4139 210 4198 (i)
227 4137 279 4186 Vid.
294 4136 358 4185 iutra
371 4139 549 4186 tastamentum
565 4134 646 4184 hami.

175 4223 208 4280 (8)
225 4219 327 4268 Srlrelas
343 4219 459 4282 physicas
472 4229 532 4267 auu.
548 4221 623 4279 15⁶²,
635 4219 700 4266 luter
717 4214 800 4276 bigam
815 4215 951 4273 mortisque
970 4214 1051 4262 minna
1064 4211 1167 4263 dirersis

146 4306 170 4351 in
185 4304 246 4353 loeis
257 4304 411 4366 conseripsit.
428 4301 482 4350 vid.
495 4295 621 4364 sopra‚'p.
630 4303 670 4370 ct,
