2916 5062
751 425 945 494 ..50-

338 606 438 656 sere:
465 605 570 676 quem
601 585 782 676 legendo
768 585 911 676 jamiam
930 605 1181 676 aggressurus.
1207 586 1280 680 per
1289 588 1366 660 dies
1441 555 1442 678 l

338 711 429 776 totos
441 711 519 774 octo
535 705 590 776 vel
606 705 721 797 plures
737 706 780 776 de
793 703 1017 774 Ciceroniana
1031 703 1222 792 imitatione
1232 727 1363 798 magno
1441 703 1442 790 l

334 829 507 914 apparatu
520 831 554 894 et
567 822 693 915 insigni
684 822 907 914 eloquentia
920 822 1175 895 declamitauit:
1193 845 1277 914 quae
1290 827 1362 916 qui·
1441 809 1442 854 3

335 937 417 1010 dem
435 948 571 1011 exstant
597 940 782 1012 conciones
804 939 839 1009 in
861 961 969 1009 unum
987 939 1114 1009 librum
1129 940 1281 1011 redactae
1300 943 1360 1032 qui

336 1061 567 1132 Ciceronianus
587 1059 786 1132 inscribitur
809 1056 886 1153 (t);
906 1059 974 1128 hoo
991 1066 1107 1129 autem
1131 1079 1219 1151 opus
1236 1059 1361 1131 Carolo

335 1176 564 1270 Letharingo,
596 1177 659 1269 qui
686 1178 792 1249 totius
821 1176 1081 1248 declamationis
1113 1177 1254 1248 auditor
1283 1201 1359 1250 osse

336 1296 511 1386 voluerat,
527 1296 657 1368 dicavit
672 1317 764 1368 anno
782 1298 890 1366 1556.

383 1416 498 1499 Quum
519 1436 603 1488 vero
625 1415 843 1503 Ciceronem,
861 1424 922 1487 aut
933 1414 1135 1506 Virgilium,
1157 1424 1217 1487 aut
1240 1436 1359 1506 quem-

334 1535 418 1606 libet
438 1535 545 1607 alium
573 1543 749 1611 auctorem
774 1533 984 1628 eloquentiae
1008 1534 1118 1625 gratia
1144 1534 1355 1627 explicaret,
1441 1515 1442 1536 ἶ

333 1663 464 1724 certam
480 1653 668 1743 quamdam
687 1661 795 1723 artem
812 1674 947 1746 semper
958 1652 1108 1723 habebat
1122 1654 1354 1744 anteooulos,

336 1771 501 1864 adquam
515 1791 635 1842 omnes
649 1771 812 1841 lectiones
827 1771 1008 1842 referebat.
1024 1771 1079 1840 Sic
1091 1771 1137 1842 ad
1151 1771 1358 1843 rhetoricam

335 1900 369 1962 et
396 1889 611 1962 dialecticam
639 1888 893 1960 reformandam
924 1889 1099 1961 orationes
1127 1889 1302 1960 Ciceronis
1325 1901 1358 1961 et

332 2007 461 2080 librum
480 2013 530 2077 De
542 2011 618 2100 soro
637 2005 853 2093 assumebat3
875 2006 921 2077 ad
941 2007 1119 2102 physicam
1143 2016 1177 2078 et
1195 2017 1356 2078 astrono-

335 2125 439 2196 miam
450 2124 584 2216 Virgilii
599 2131 756 2219 oeorptoo
766 2133 799 2194 et
813 2129 976 2195 Somnium
987 2128 1145 2214 Scipionis
1160 2121 1228 2220 (2).
1242 2124 1358 2196 Genus

334 2243 425 2314 enim
435 2243 528 2314 istud
538 2243 687 2314 docendi
696 2243 864 2335 imprimis
873 2242 1144 2335 amplectebatur
1155 2251 1190 2311 et
1201 2243 1354 2330 amabat,

335 2383 406 2453 quo
422 2361 614 2455 disciplinae
628 2381 698 2432 non
710 2362 816 2432 modo
829 2359 1009 2448 clariores,
1025 2359 1086 2430 sed
1100 2361 1263 2430 humanae
1274 2361 1357 2430 vitae

334 2483 489 2556 utiliores
515 2481 709 2552 efficiuntur
741 2477 805 2574 (3).
841 2480 1059 2570 Quapropter
1078 2471 1203 2549 artium
1228 2479 1355 2549 libera·
1441 2507 1442 2530 i

333 2601 417 2672 lium
429 2602 578 2671 fructum
591 2600 626 2669 in
640 2598 840 2669 auctoribus
854 2617 974 2667 earum
990 2595 1249 2688 disciplinarum
1265 2599 1356 2668 fama

334 2719 514 2808 gloriaque
529 2717 775 2813 praestantibus
789 2703 999 2806 exquisivit3
1019 2722 1125 2806 atque
1141 2714 1187 2785 ita
1204 2736 1266 2807 per
1277 2725 1357 2786 ooto

333 2835 463 2926 primos
480 2835 585 2925 regiae
603 2823 825 2927 professionis
842 2855 953 2904 annos
972 2843 1040 2904 tres
1056 2834 1178 2926 primae
1198 2833 1357 2905 liberales

334 2963 445 3039 artes,
473 2958 755 3047 quas‘ilorapootc
777 2953 943 3040 vocabat,
970 2951 1215 3044 grammatica,
1245 2953 1357 3024 rheto-

333 3049 418 3156 rica,
437 3067 615 3138 dialectica
635 3069 784 3140 excultae
800 3077 880 3139 sunt
897 3067 961 3164 (l).
1021 3145 1026 3154 x

380 3185 609 3258 Grammatico
631 3185 737 3277 igitur
762 3185 943 3276 utriusque
973 3185 1123 3276 linguae,
1157 3187 1221 3256 sed
1250 3187 1356 3258 latina

333 3305 523 3398 praesertim
540 3326 621 3399 quae
639 3305 780 3395 majoris
803 3305 836 3374 in
858 3305 998 3397 Europa
1015 3303 1228 3375 necessitatis
1246 3317 1353 3394 esset,

334 3423 507 3514 explicata
523 3431 575 3494 est
588 3423 805 3514 diligentius,
824 3425 998 3514 longeque
1013 3422 1153 3518 brevior
1169 3432 1204 3494 et
1222 3424 1357 3496 facilior

367 3781 401 3840 (t)
419 3778 537 3830 Nuneel..
555 3779 573 3828 l.
592 3793 630 3841 c.,
645 3793 673 3842 p.
694 3784 739 3842 ²33
761 3782 867 3842 Bonos,
884 3794 910 3843 p.
927 3785 954 3830 11
971 3798 977 3826 ι
992 3780 1189 3840 «Ciceroniana,
1206 3781 1232 3828 id
1249 3783 1288 3830 est
1306 3781 1356 3830 elo-

332 3867 441 3928 quenda
457 3863 587 3925 thesauro,
602 3866 668 3917 odito
681 3866 707 3914 in
723 3864 864 3928 publicum,
882 3867 911 3913 ut
927 3864 1039 3916 barbaria
1055 3866 1185 3925 abdicata,
1202 3865 1274 3918 latini
1292 3865 1355 3914 ldlo-

332 3952 407 3999 matis
420 3949 541 4010 elegantia
559 3951 586 4001 in
604 3952 738 4013 pristinum
751 3947 827 3998 decus
841 3950 1021 4000 restitueretur.
1035 3965 1049 3995 ι
1063 3949 1118 3999 lid.
1132 3949 1197 4000 lnlra
1217 3948 1298 3998 catal.
1314 3959 1353 4011 op.

332 4033 353 4083 a
405 4067 413 4084 .

353 4037 403 4176 agl:
415 4117 460 4166 vid
470 4117 535 4168 lutra
546 4118 626 4168 catal.
638 4129 678 4181 op.
693 4115 772 4166 Romi.

361 4200 394 4260 (3)
411 4200 490 4262 Fretg.
498 4236 506 4262 ‚
515 4215 540 4264 p.
555 4203 594 4251 22.
606 4200 646 4252 Gt
657 4199 727 4249 Remi
740 4198 807 4248 Orat.
821 4198 851 4247 de
864 4211 910 4248 sua
921 4198 1078 4261 prolasrtono.

364 4279 395 4336 (lj
413 4277 480 4326 Orat.
494 4278 524 4328 de
535 4291 580 4328 sua
592 4277 708 4340 prolem,
722 4290 782 4326 ann.
797 4279 856 4326 rotat
868 4276 947 4326 liubit.
