2912 5066
702 387 893 459 ..93-

283 549 400 642 ¹sputlo
415 549 446 636 (l
456 551 482 638 ),
497 557 531 620 ot
548 547 666 622 viuum
679 567 858 640 uunquam
873 545 1034 636 bibisset,
1058 547 1122 618 uisi
1138 567 1183 620 ex
1201 545 1311 620 modi-

288 687 408 736 oorum
433 667 602 739 cantantia
628 666 673 738 ad
697 664 931 738 valetudinem
957 666 1234 740 conservandam
1255 686 1315 736 ue·

285 784 438 856 cessario
463 785 630 856 utendum
652 785 772 856 fuisset
795 781 866 879 (i).
898 783 1034 856 Coelcbs
1066 784 1155 856 vixit
1186 785 1314 856 boues-

287 903 433 988 tissime,
465 903 510 974 ab
543 902 763 974 scortationis
794 923 864 972 non
896 910 1029 972 tantum
1056 900 1219 990 crimino,
1251 903 1314 976 sed

284 1017 390 1090 ctiam
406 1015 603 1109 suspicione
620 1037 757 1110 semper
778 1015 940 1092 immunis
960 1015 1030 1111 (3).
1049 1016 1229 1112 Colloquia
1245 1019 1313 1089 ob·

285 1155 426 1221 scaena,
452 1141 573 1226 utpote
599 1155 681 1225 quae
698 1134 812 1207 bonos
831 1154 945 1208 mores
968 1145 1210 1226 corrumpant,
1232 1143 1313 1208 tau·

287 1274 393 1344 qoam
409 1252 565 1324 toxicum
589 1252 755 1343 fugiebat.
777 1254 874 1326 Hanc
893 1253 1139 1326 continentiam
1155 1253 1193 1322 in
1217 1253 1315 1330 victu

288 1379 323 1440 et
345 1368 608 1463 temperantiam
636 1369 717 1446 vitae
735 1377 923 1443 consecuta
944 1378 996 1440 est
1019 1368 1198 1460 integritas
1218 1371 1315 1442 vala·

290 1489 441 1578 tudinis,
462 1490 706 1581 rarissimoque
720 1488 818 1579 gravi
835 1488 958 1561 morbo
970 1487 1143 1562 laboravit
1162 1483 1234 1582 (l),
1252 1486 1318 1562 nisi

291 1609 522 1705 ophthalmia,
540 1631 646 1700 quam
666 1607 833 1680 credibile
848 1616 901 1680 cst
918 1629 964 1678 ex
983 1606 1110 1699 vigiliis
1122 1606 1318 1683 immodicis

265 1717 269 1720 ’
291 1729 506 1800 contraxisse
528 1725 592 1819 (5).
623 1725 741 1800 lncdia
769 1736 804 1800 ct
830 1725 1097 1814 exercitatione,
1124 1727 1315 1820 praesertim

291 1865 400 1937 parva
418 1843 502 1937 pila,
524 1862 595 1914 ooo
615 1841 946 1918 medicamentorum
962 1865 1052 1933 uso,
1072 1845 1207 1920 solebat
1220 1846 1313 1919 suni·

291 1970 395 2035 iatam
425 1961 513 2034 iucr'i
537 1972 572 2032 et
597 1981 803 2056 recuperare
828 1958 894 2056 (6).
926 1961 1125 2036 Constantia
1152 1975 1316 2058 porroet

292 2078 398 2150 animi
414 2078 619 2171 magnitudo
642 2079 707 2149 luit
722 2079 758 2150 in
776 2079 883 2151 Remo
904 2078 1139 2152 incredibilis:
1157 2081 1194 2152 io
1213 2081 1317 2153 rebus

291 2197 464 2289 siquidem
489 2199 664 2292 prosperis
689 2219 758 2270 non
783 2198 1030 2286 insolescebat,
1053 2209 1088 2270 et
1107 2199 1143 2271 in
1162 2199 1319 2274 adversis

291 2339 471 2410 nunquam
490 2318 643 2390 animum
662 2317 833 2390 remisisse
849 2318 945 2390 visus
963 2327 1034 2406 est,
1050 2317 1209 2411 illudque
1221 2339 1317 2412 saepe

294 2440 326 2508 in
348 2459 410 2508 om
427 2437 598 2526 habebat,

474 2635 600 2656 .....
621 2597 699 2651 dabit
716 2589 787 2650 bens
801 2597 843 2650 bis
854 2613 970 2668 quoque
982 2597 1079 2651 linem.

472 2693 589 2754 liuram,
604 2697 633 2744 st
644 2697 751 2744 vosmet
763 2690 848 2746 rebus
861 2696 970 2746 narrate
980 2689 1119 2746 mundis.

326 2904 362 2969 (ι)
378 2905 471 2956 l'bsod.
485 2905 599 2966 zuinger.
612 2906 697 2970 libid..
707 2918 732 2968 p.
744 2908 807 2968 tot,
819 2905 867 2958 col.
878 2906 904 2978 b)
921 2909 1006 2956 narrat
1015 2919 1092 2970 quam
1102 2904 1133 2955 ob
1147 2917 1250 2959 canum
1266 2906 1320 2958 lla-
1419 2923 1423 2932 *

296 3002 354 3039 mus
367 2991 426 3039 vino
436 3001 480 3051 par
490 2989 577 3048 viginti
589 2992 614 3036 et
631 2987 741 3050 amplius
759 3000 839 3041 annos
855 2991 1011 3042 abstinuerit
1028 2991 1065 3041 (ll.
1081 2991 1171 3052 Freig„
1185 3003 1210 3054 p.
1228 2993 1273 3050 35,
1291 3005 1321 3042 ac

295 3073 432 3137 presertim
448 3071 490 3122 Fr.
508 3071 595 3132 ornat,
612 3072 645 3122 Le
660 3071 765 3124 'llis'itre
784 3074 815 3125 de
829 3074 852 3124 la
870 3074 941 3124 nobi.
955 3074 1043 3136 bunc..
1060 3079 1081 3124 t.
1100 3073 1138 3132 ll,
1153 3073 1172 3122 i.
1191 3073 1237 3134 iii,
1252 3088 1277 3124 c.
1291 3079 1318 3134 9,

294 3171 320 3220 p.
337 3159 449 3207 titt-itt.

308 3279 312 3288 ,
326 3240 364 3306 (ι)
381 3240 483 3292 Naucal.
497 3238 536 3304 (p.
551 3242 598 3301 tt,
609 3238 659 3304 ii)
675 3252 806 3301 nunqnam
819 3251 888 3291 mero
899 3240 1059 3291 mumintssa
1076 3239 1184 3290 bamam
1200 3243 1321 3300 tasmtnr,

295 3323 338 3372 ssd
349 3323 409 3373 uino
418 3321 577 3372 beneditcio.
589 3321 624 3371 Gi.
633 3321 726 3371 Tbeod.
737 3321 863 3386 Zuiugar,
873 3323 974 3378 Tbeatr.
985 3322 1135 3382 humilta,
1144 3322 1194 3373 vol.
1207 3323 1243 3383 ll,
1251 3323 1270 3373 l.
1279 3323 1318 3383 lv,

295 3417 321 3468 p.
336 3408 395 3466 uia,
407 3405 457 3456 col.
467 3419 496 3466 ι,
509 3405 620 3468 sanent,
636 3418 661 3468 p.
675 3407 720 3464 tit,
737 3409 774 3455 ii.
1112 3432 1115 3444 ι

328 3485 362 3550 (a)
378 3487 416 3537 Gi.
434 3489 525 3551 iraig„
543 3501 570 3550 p.
586 3492 632 3549 3⁵3
648 3489 762 3552 Naucel,
773 3502 800 3553 p.
812 3493 838 3540 ti
857 3493 882 3539 et
895 3500 920 3552 p.
940 3491 969 3539 58
982 3509 988 3539 ι
1002 3507 1015 3535 ι
1028 3490 1111 3539 Vitam
1122 3488 1213 3543 scistis
1228 3487 1325 3538 liumus

296 3569 406 3620 traduxit
419 3581 538 3644 ornnem,
555 3574 614 3634 quia
630 3573 731 3651 Lutetia
744 3572 942 3635 gymnasiarcbis
957 3583 1062 3624 uxorein
1076 3572 1166 3623 ducere
1180 3584 1212 3622 ex
1225 3571 1321 3624 Acade·

296 3655 354 3702 mitn
365 3651 460 3714 legibus
470 3653 635 3704 interdicitur.
651 3673 663 3698 ι
787 3697 791 3704 ,
924 3697 928 3703 ,
1129 3650 1131 3654 ’

328 3735 366 3802 (1)
381 3735 436 3786 vid.
448 3735 561 3797 lisand„
573 3749 599 3798 p.
610 3739 651 3800 ts,
662 3739 709 3788 io:
722 3738 793 3788 ·vidi
806 3745 890 3792 tamen
901 3738 1043 3802 trequenter
1052 3738 1169 3790 catarrho
1175 3738 1320 3789 obnoxium.

297 3823 339 3870 rix
353 3824 382 3871 ot
395 3823 478 3884 possid
490 3818 589 3880 eloqui,
608 3820 709 3870 ideone
726 3821 824 3883 publica
845 3823 947 3885 quidem
968 3823 1048 3885 legere
1065 3825 1110 3873 aut
1125 3820 1320 3886 predicandi.

299 3907 388 3969 irata,
399 3917 425 3968 p.
438 3906 480 3956 tt.

328 3989 365 4056 (5)
381 3988 418 4042 Gl.
437 4001 526 4053 supra,
543 4000 569 4053 p.
586 3990 609 4038 t.
630 3987 713 4050 «Qua
732 3988 888 4052 ophthalmia
904 3990 940 4039 illi
963 3992 1093 4054 potissima
1109 3989 1213 4040 radendi
1234 3990 1322 4054 capitis

296 4077 411 4136 occasio,
426 4077 452 4124 et
470 4072 634 4124 saluberrima
652 4073 740 4134 (sicini
760 4061 916 4123 adstantibus
935 4073 1007 4123 nobis
1025 4085 1091 4136 sirpe
1108 4071 1206 4133 rotelli)
1226 4073 1322 4124 cortilo

296 4158 351 4207 tntt.
366 4177 377 4202 ι
390 4159 479 4218 itanc„
493 4170 519 4220 p.
535 4159 579 4208 ¹6..

327 4239 364 4302 (6)
378 4241 416 4291 ci.
428 4241 541 4302 Napaei,
552 4254 576 4303 p.
590 4244 633 4300 bi,
648 4243 688 4290 55.
