2916 5062
547 445 739 514 -31...

3 601 4 608 ’
24 657 27 664 a
127 603 328 696 legationis,
348 602 395 673 ad
412 601 545 674 nobiles
562 603 736 675 christiani
757 605 852 677 orbis
870 605 1077 684 Academias
1097 614 1152 683 in·¹

129 722 312 794 visendum
326 723 393 811 (i).
413 723 480 792 Sed
497 721 701 814 priusquam
717 723 850 796 Lutetia
866 728 1071 819 discederet,
1088 741 1153 802 tes-
1185 815 1188 820 ¹

128 849 282 910 tamento
305 833 371 911 cal.
391 861 476 936 aug.¹
498 843 591 910 4568
611 842 740 936 scripto
757 853 862 935 atque
879 846 1062 938 obsignato
1078 852 1151 939 (2),

129 959 365 1030 mathematici
379 959 484 1031 studii
498 969 532 1030 et
545 960 759 1033 liberalitatis
774 983 849 1035 suae
864 968 1071 1058 praeclarum
1090 978 1157 1039 tes-

131 1079 314 1149 timonium
349 1078 499 1172 reliquit.
540 1079 828 1170 Peregrinationis
862 1093 978 1156 autem
1014 1087 1158 1158 comites

132 1197 223 1268 duos
245 1197 386 1284 habuit,
406 1197 499 1268 Frid.
527 1197 727 1269 Roisnerum
750 1197 803 1295 (3)
828 1209 869 1272 ot·
888 1203 1066 1295 Theophil.
1092 1205 1157 1276 Ba-

132 1315 271 1386 nosium
289 1313 365 1410 (l),
385 1316 594 1409 quibuscum
614 1317 650 1385 in
668 1317 887 1390 Germaniam
905 1323 998 1412 (quo
1010 1322 1156 1414 jampri-

132 1433 213 1504 dem
237 1435 422 1526 confugere
441 1434 629 1530 statuerat)
651 1437 827 1528 prolectus
845 1447 909 1508 est.
933 1438 971 1508 ln
993 1423 1165 1512 extremis

134 1559 250 1623 mmen
266 1552 363 1643 regni
379 1551 524 1640 finibus,
550 1576 567 1620 u
590 1573 669 1622 cum
686 1553 806 1624 brevia
825 1563 860 1624 et
883 1564 994 1650 syrtes
1012 1566 1155 1649 praeter*

134 1679 255 1740 vectus
265 1670 332 1740 sibi
346 1670 533 1760 videretur,
549 1671 732 1742 duodecim
748 1672 883 1764 equites
895 1695 916 1744 e
924 1675 1012 1767 jugo
1030 1677 1158 1748 montis

133 1787 357 1860 decurrentes
386 1789 647 1878 animadvertit,
681 1791 883 1883 caedemque
910 1793 1158 1877 intentantibus

133 1916 167 1976 et
190 1909 321 1978 Condoei
345 1912 502 2000 principia
527 1909 749 1980 seculiarium
777 1909 945 1982 hostiliter
970 1913 1157 1984 inclaman-
1191 1971 1201 1980 .

133 2023 229 2092 tibus
240 2024 326 2093 ultro
337 2023 503 2110 occurrit,
514 2033 549 2095 et
559 2025 746 2118 diplomate
755 2025 840 2116 rogii
855 2039 1069 2102 commeatus
1078 2040 1155 2101 tan-

135 2140 243 2234 tisper
262 2162 436 2234 repressos
453 2143 571 2214 docuit
585 2143 689 2234 longe
702 2144 770 2215 alio
785 2166 823 2218 se
839 2146 934 2238 apud
950 2169 1067 2239 regem
1082 2170 1157 2220 essa

135 2281 281 2330 numero
304 2260 452 2351 locoque
486 2282 591 2352 qnam
618 2261 702 2354 ipsis
729 2272 820 2334 esset
845 2286 1062 2356 persuasum.
1092 2268 1157 2338 Ter

136 2377 299 2448 dimissus
309 2368 323 2467 ,’
334 2387 386 2450 ter
400 2380 585 2471 repetitus,
611 2381 751 2451 tandem
766 2382 949 2454 velocitate
965 2406 1099 2459 summa
1116 2407 1158 2454 eo

138 2497 293 2587 pervenit
310 2497 370 2568 ubi
389 2498 522 2570 sicariis
541 2498 678 2570 licentia
695 2520 845 2592 pannon
863 2510 954 2572 esset
970 2500 1035 2595 (5).
1058 2527 1074 2569 i)

186 2614 356 2708 Deinceps
381 2625 476 2690 tutus
502 2625 537 2686 et
562 2617 661 2688 laetus
688 2615 723 2693 in
746 2617 964 2687 Germaniam
990 2619 1161 2690 adventus

139 2731 311 2804 bonorum
328 2755 370 2804 ac
387 2734 569 2806 doctorum
587 2715 742 2808 omniurn
763 2734 930 2824 singulari
949 2735 1161 2808 humanitate

139 2859 172 2920 at
183 2851 420 2944 'gratulatione
434 2862 602 2946 exceptus
619 2862 683 2924 est.
702 2833 770 2936 out
786 2853 878 2925 enim
896 2853 1045 2928 honores
1063 2878 1161 2927 sura·-¹

164 3214 202 3279 (t)
220 3214 291 3265 liami
302 3214 378 3278 Epist
394 3215 426 3266 ad
437 3218 590 3268 rectorauet
601 3215 676 3266 head.
690 3215 767 3264 Paris.
783 3214 949 3274 (Culleolum,
961 3227 985 3277 p.
998 3219 1075 3282 toti:
1089 3217 1159 3264 «ini-

136 3299 230 3360 petrari
243 3297 472 3348 achiistiunissirno
482 3310 566 3358 rege...
585 3301 611 3347 et
622 3297 722 3360 quidem
738 3310 767 3346 ea
785 3297 838 3358 lege
851 3301 876 3346 et
887 3297 1040 3353 conditione.
1059 3299 1088 3370 ut
1097 3297 1162 3347 Aca·

136 3381 239 3442 demis,
251 3383 328 3430 nostri
338 3388 407 3430 ortus
418 3383 612 3444 progressusque
622 3383 732 3442 parenti,
752 3383 873 3428 rationem
887 3379 1004 3428 absentia
1018 3390 1079 3427 mim
1091 3378 1161 3428 iinc-

136 3466 243 3524 tumque
258 3465 327 3511 omni
347 3461 426 3511 olllcio
436 3476 474 3533 ac
491 3464 573 3525 potius
591 3465 682 3525 pietate
701 3462 859 3512 redderem·
876 3489 907 3498 -
921 3461 971 3510 Rex
986 3460 1068 3510 uoluit
1089 3465 1160 3524 nagia
1182 3509 1185 3514 .

136 3546 294 3614 professionis
305 3549 437 3609 premium
448 3547 487 3596 rei
498 3545 594 3596 absenti
607 3545 684 3594 Ramo
695 3547 823 3595 reservari.
837 3565 848 3590 ι
859 3543 997 3605 oeschurgc
1008 3545 1023 3594 a
1036 3545 1117 3596 Pierre
1130 3545 1161 3594 de

136 3627 162 3676 la
177 3627 283 3688 hames,
296 3628 435 3702 proieaseur
451 3629 485 3680 du
501 3641 544 3690 roy
560 3641 591 3678 en
606 3627 754 3690 eloquencc,
771 3628 802 3678 de
814 3641 841 3677 sa
853 3628 947 3678 lecture
963 3628 1087 3686 ordinaire
1100 3627 1161 3689 qu’il

137 3711 370 3772 astronomiam,
382 3705 748 3776 sansprejuiiicedeaesgage‘s'
765 3718 790 3761 et
806 3713 892 3768 droits.
908 3731 918 3755 ι
940 3711 1067 3762 iltmoriai
1086 3714 1117 3762 de
1136 3715 1160 3762 ia

136 3805 198 3842 cour
212 3793 255 3847 des
270 3787 399 3856 comples(
414 3807 474 3844 ann.
498 3797 566 3856 titt,
583 3794 657 3856 apud.
669 3793 771 3862 Gonjet,
796 3794 870 3850 bern.
893 3795 950 3850 hist.
972 3799 997 3844 et
1011 3795 1060 3844 litt.
1078 3808 1120 3844 sur
1137 3795 1159 3842 le

137 3875 196 3925 coll.
206 3889 274 3940 roy..
286 3881 334 3930 art,
348 3875 450 3926 Ramus.

169 3956 203 4019 (2)
222 3958 292 4019 Quod
304 3958 367 4008 inira
377 3945 510 4019 legendum
525 3961 710 4021 proposuimus.
724 3961 749 4006 ia
762 3959 909 4020 appendice.

171 4043 207 4098 (3)
223 4039 274 4089 lloc
285 4041 424 4102 quidemst
436 4053 466 4090 eo
477 4042 594 4102 conjicio,
608 4042 674 4102 quod
688 4041 826 4102 Noribergae
842 4041 920 4102 opiter
932 4040 1035 4099 quidam
1052 4037 1158 4087 Remum

137 4128 252 4192 precatus
265 4129 297 4175 sit
309 4131 337 4176 ut
345 4127 390 4176 sihi
403 4125 549 4179 Reisnerum
565 4127 722 4188 relinqueret.
731 4125 786 4174 Viri.
798 4127 876 4185 Freig.
892 4128 916 4174 in
927 4125 974 4172 Vit.
985 4123 1070 4181 Remi,
1081 4137 1105 4186 p.
1120 4128 1159 4172 38.

171 4208 205 4268 il)
223 4209 404 4262 Hoctestantur
414 4209 559 4268 blancollus,
571 4223 595 4272 p.
605 4210 647 4264 ra,
660 4222 688 4258 as
701 4209 818 4263 Banosins
828 4210 914 4276 ipsein
926 4207 973 4256 Vit.
985 4206 1070 4266 Romi,
1082 4221 1106 4270 p.
1121 4210 1161 4258 31.

171 4293 203 4354 (tl
222 4293 299 4354 Freig,
309 4329 315 4352 ‚
327 4294 345 4342 l.
357 4307 396 4352 c.‚
411 4307 437 4356 p,
450 4297 494 4348 30,
513 4297 552 4342 st.

976 4379 995 4436 6
