2912 5066
707 428 924 498 ...100-

464 587 525 642 Nou
537 586 635 656 ignaru
648 587 730 654 mall,
747 586 855 640 miseris
867 601 1034 640 succurrere
1048 586 1135 640 disco.

357 757 524 828 »Solebat
538 759 630 828 enim
641 760 676 828 in
691 757 838 852 patriam
853 755 1076 850 proficiscens
1091 757 1195 827 bonae
1208 756 1333 826 indolis

300 876 445 964 juvenes
471 896 643 968 pauperes
667 875 739 944 suis
768 874 963 967 sumptibus
987 874 1124 961 lovere,
1144 894 1276 965 eosque
1297 873 1334 941 in

303 989 491 1063 Academia
513 993 656 1064 Praellea
682 993 783 1063 bonis
811 991 1019 1062 informabat
1046 991 1262 1082 disciplinis:
1285 1012 1335 1060 ex

305 1130 455 1201 quorum
474 1133 619 1182 numero
644 1110 801 1205 plerique
821 1119 1006 1202 supersunt
1031 1108 1096 1179 viri
1121 1107 1333 1192 doctissimi,

304 1229 366 1318 qui
393 1229 541 1302 Ramum
570 1229 794 1302 Maecenatem
812 1236 846 1297 et
862 1235 1041 1320 parentem
1069 1248 1172 1296 suum
1200 1245 1334 1316 agnos·

306 1354 402 1434 nunt,
420 1355 455 1417 et
472 1347 675 1417 defunctum
691 1366 811 1416 amore
834 1367 905 1416 non
926 1345 1093 1416 mediocri
1111 1364 1332 1436 prosequun-

306 1475 363 1536 tur
384 1463 455 1559 (l).
473 1465 654 1540 Praelleum
681 1463 870 1535 aedilieavit
890 1463 1071 1556 splendide
1092 1465 1145 1553 (2)
1167 1487 1175 1532 ε
1198 1472 1233 1533 et
1248 1484 1333 1554 sup-

307 1587 474 1680 pellectile
504 1585 634 1657 munda
662 1584 888 1675 vestibusque
913 1583 1043 1654 ornatis
1067 1579 1123 1678 (3)
1153 1583 1328 1668 utebatur,

307 1704 579 1778 mediocritatem
587 1703 797 1774 laudandam
806 1711 958 1786 secutus,
971 1701 1015 1772 de
1023 1723 1093 1794 qua
1106 1701 1329 1772 Horatius...

307 1823 437 1892 Harum
453 1821 607 1892 omnium
625 1821 794 1892 virtutum
813 1828 931 1890 eustos
952 1820 1016 1890 fuit
1035 1821 1167 1914 pietas,
1183 1843 1253 1912 qua
1273 1842 1335 1914 pa-

309 1939 410 2009 triam
428 1937 481 2030 (4)
506 1947 541 2010 et
567 1947 727 2032 parentes
753 1937 856 2008 unice
878 1938 1164 2030 amplectebatur.
1190 1939 1334 2009 Matrem

309 2058 400 2128 enim
416 2057 583 2145 viduam,
604 2057 861 2129 selectissimam
881 2065 1094 2146 matronam,
1113 2057 1207 2151 apud
1224 2057 1333 2128 Vero·

310 2175 482 2247 manduos
509 2185 692 2267 agentem,
722 2175 997 2270 frequentissime
1025 2197 1105 2246 oum
1134 2175 1335 2246 muneribus

312 2295 502 2384 invisebat,
535 2295 698 2386 illamque
732 2293 901 2368 Lutetiam
931 2295 1060 2388 saepius
1090 2295 1275 2384 evocavit,
1303 2303 1336 2366 et

314 2414 572 2486 coram‘amieis
600 2412 858 2484 honestioribus
875 2413 969 2483 omni
996 2413 1189 2484 officiorum
1211 2435 1336 2504 genere

314 2532 421 2602 coluit
443 2541 477 2603 et
504 2530 714 2604 observavit.
733 2528 947 2600 Recordatus
971 2540 1024 2600 est
1049 2531 1153 2601 etiam
1178 2529 1336 2601 beneficii

314 2649 411 2739 quod
428 2649 621 2722 avunculus
636 2647 847 2734 contulerat,
866 2667 969 2737 quem
987 2647 1157 2718 seniorem
1174 2649 1337 2718 alendum

316 2765 372 2856 pie
391 2765 540 2835 curavit.
558 2765 645 2847 Quae
669 2785 777 2855 quam
796 2785 879 2834 vera
903 2763 1032 2835 sint...
1050 2786 1096 2837 ex
1116 2765 1213 2834 Rami
1231 2773 1336 2836 testa·

317 2891 447 2968 mento,
462 2900 544 2971 quae
560 2881 688 2951 luerint
704 2882 813 2974 ipsius
826 2882 976 2975 egregiae
993 2882 1135 2954 virtutes
1147 2881 1339 2954 adversarii

317 2990 421 3068 etiaim
435 2994 625 3066 doceantur
638 2993 704 3091 (5).
721 3021 738 3065 n

366 3109 416 3178 De
435 3106 601 3199 religione
616 3108 713 3178 Rami
740 3129 852 3202 pauca
874 3109 1011 3196 dicam,
1039 3110 1102 3180 sed
1129 3131 1210 3201 quae
1240 3111 1340 3182 facile

320 3227 555 3300 demonstrent
574 3234 703 3317 quanta
722 3225 778 3295 ille
794 3247 877 3318 erga
897 3227 1006 3297 Deum
1027 3227 1155 3320 pietate
1173 3225 1256 3299 usus
1268 3232 1342 3300 lue-

322 3346 379 3417 rit.
395 3347 485 3418 Dum
500 3345 593 3417 enim
611 3345 646 3415 in
657 3345 812 3416 Romana
827 3345 980 3416 Ecclesia
999 3355 1101 3435 esset,
1119 3347 1236 3419 missae
1248 3370 1338 3440 quo-

321 3465 404 3536 tidie
415 3466 578 3538 interesse
595 3464 741 3554 solebat,
757 3473 791 3535 et
806 3461 986 3538 catholicae
999 3464 1176 3556 religionis
1189 3476 1263 3536 erat
1279 3466 1341 3536 ob

355 3843 391 3912 (tl
402 3845 469 3896 luter
479 3857 542 3908 quos
555 3844 701 3903 Naucellus,
713 3847 800 3908 utipac
813 3845 942 3909 profitetur
953 3846 1036 3908 libid„
1051 3859 1077 3911 p.
1093 3852 1131 3911 rt,
1145 3851 1194 3912 52).

355 3935 390 3994 (2)
401 3930 438 3980 cl.
450 3927 565 3990 banael,
575 3941 600 3992 p.
611 3930 650 3978 tt.

355 4014 389 4080 (3)
403 4009 560 4070 Cillanccl..
572 4023 597 4074 p.
609 4011 649 4071 ot,
658 4013 698 4061 bl.

357 4101 389 4163 (t)
398 4098 453 4149 vid.
471 4097 548 4160 Frcig.
558 4133 565 4158 ‚
576 4109 603 4160 p.
618 4099 657 4158 at,
670 4101 695 4146 et
704 4095 811 4146 llnmum
822 4096 869 4159 ips.
879 4098 904 4145 iu
917 4095 1011 4146 Preiat.
1023 4095 1059 4146 lle
1067 4109 1130 4146 mor.
1142 4102 1193 4147 vet.
1203 4097 1267 4150 Gall.

277 4217 284 4226 .
357 4187 391 4246 tp>
403 4182 459 4232 vid.
475 4181 538 4231 lutra
546 4180 619 4232 llami
632 4184 821 4246 testamentum.
832 4207 862 4218 -
874 4181 910 4232 Ad
922 4181 964 4231 illu
976 4180 1075 4230 Banosil
1087 4180 1140 4241 adj.
1154 4181 1267 4242 Narmal..
1282 4182 1301 4232 l.
1312 4197 1349 4245 c.,

327 4280 351 4328 p.
361 4267 445 4320 (tt-62,
459 4268 484 4311 et
496 4263 684 4322 ejusmlheses,
697 4277 721 4325 p.
733 4266 754 4313 8.
