2916 5062
716 433 908 502 ...pp-

460 599 511 652 Vix
524 597 650 650 Priamus
664 596 751 660 unii,
767 601 881 666 totoque
892 595 973 664 Trojs
987 595 1051 648 luit.

356 807 372 848 >r
394 779 460 850 Sed
488 787 599 849 cetera
625 777 862 866 attendamus3
891 776 972 847 hnic
1005 783 1111 846 tentae
1144 775 1327 868 potestati,

303 897 426 990 majori
449 897 551 967 etiam
570 893 749 987 cupiditati
767 889 950 976 Quintinus
973 902 1007 964 et
1026 889 1229 962 Bomontius
1247 914 1331 962 con·

305 1036 438 1087 cessere
457 1013 524 1109 (l),
544 1013 733 1108 perscripta
747 1020 861 1082 tamen
878 1019 958 1081 ente
974 1008 1017 1081 de
1034 1011 1196 1082 universe
1214 1009 1331 1104 dispu-

305 1135 435 1205 tetione
449 1132 640 1220 sententia,
663 1129 776 1201 testati
800 1125 866 1200 sihi
887 1130 1042 1221 placere,
1062 1137 1101 1198 ut
1123 1129 1158 1198 in
1178 1128 1331 1223 philoso-

307 1252 407 1346 phie,
437 1251 527 1321 sicut
554 1259 656 1322 antea
684 1270 819 1342 semper
844 1247 984 1336 fuisset,
1007 1247 1153 1318 liberum
1179 1255 1269 1318 esset
1293 1247 1329 1318 in

308 1387 445 1440 omnem
464 1378 597 1462 partem
617 1365 817 1461 disputare:
846 1389 890 1440 ex
914 1387 957 1438 eo
977 1374 1091 1446 autern
1113 1386 1278 1437 consessu
1294 1388 1331 1438 se

309 1485 503 1573 discedere,
523 1485 657 1578 quisse
678 1501 749 1555 non
765 1483 881 1555 socios
902 1481 1070 1572 consiliis,
1090 1481 1153 1553 sed
1168 1482 1328 1572 injuriee,

308 1625 390 1695 quae
403 1603 512 1674 llamo
526 1601 646 1690 fieret,
664 1599 838 1671 adhibitos
852 1609 955 1670 testes
968 1596 1207 1690 intelligerent.
1224 1597 1335 1670 ldem·

310 1742 379 1810 que
394 1720 523 1791 Romus
537 1740 606 1789 non
619 1718 693 1788 sine
705 1717 900 1801 stomacho,
921 1739 998 1787 cum
1013 1737 1034 1786 a
1050 1715 1161 1787 tribus
1173 1716 1240 1787 illis
1251 1738 1334 1788 oon·

308 1837 488 1908 tumeliose
513 1836 736 1923 illuderetur,
761 1833 861 1922 lecit,
889 1844 924 1904 et
946 1856 984 1905 se
1008 1842 1166 1927 tempora
1193 1856 1335 1928 sperare

313 1955 422 2038 dixit,
445 1953 573 2045 quibus
592 1954 676 2024 tales
690 1951 827 2042 judices
842 1952 885 2023 de
906 1972 970 2023 suo
996 1952 1088 2022 lacto
1112 1973 1335 2042 nequequam

314 2091 430 2164 parem
447 2079 561 2142 essent
575 2073 788 2164 voluptatem
806 2069 1013 2164 percepturi.
1034 2071 1084 2140 lte
1100 2071 1135 2140 vi
1154 2070 1263 2159 victu,
1279 2072 1336 2142 vel

315 2198 406 2260 certe
424 2189 602 2261 hominum
628 2210 929 2281 quorumcumque
949 2189 1113 2282 opinione
1130 2190 1176 2260 ad
1200 2199 1338 2282 tempus
1445 2181 1446 2267 J

315 2329 480 2400 oppressa
498 2330 602 2380 eausa
622 2317 687 2380 est.
708 2309 988 2379 Condemnantnr
1008 2307 1113 2399 igitur
1131 2303 1335 2379 triumvirali

315 2427 482 2498 sententia
499 2427 576 2524 (2),
596 2449 666 2499 non
679 2427 784 2498 modo
801 2427 950 2515 indicta,
967 2425 1029 2498 sed
1046 2427 1220 2520 incognita
1233 2428 1336 2520 plane

315 2783 412 2843 inquit,
424 2786 508 2831 secute
520 2785 580 2830 sunt
590 2783 711 2833 deteriora
721 2784 805 2831 omnis
816 2799 823 2831 ε
835 2785 929 2846 coepistl
942 2783 973 2833 de
982 2795 1008 2832 re
1019 2786 1063 2832 tus
1074 2783 1216 2846 desperare,
1228 2783 1340 2846 dispute-

315 2869 410 2914 tiouem
423 2864 519 2926 ingere.
531 2867 559 2913 ut
568 2865 599 2914 ed
612 2875 668 2913 eum
682 2867 729 2913 nlsl
741 2864 800 2915 loris
808 2867 918 2915 revocari
928 2877 978 2915 nen
988 2867 1104 2929 potueris.
1115 2867 1197 2928 Quare
1205 2869 1306 2930 reropi.
1315 2869 1341 2918 st

315 2948 445 2998 literarum
458 2949 676 2998 amantissimus...
692 2960 785 2998 novum
802 2947 903 2998 adhibet
920 2949 1112 3009 authoritatem,
1128 2961 1183 3012 que
1197 2954 1262 3000 iseo
1282 2951 1341 3002 lude

316 3031 408 3078 iterum
421 3029 540 3090 includit,
550 3043 565 3079 e
574 3043 623 3092 quo
634 3031 739 3090 turpiter
747 3041 900 3089 excesseras,
914 3036 940 3080 et
957 3034 1031 3080 istem
1044 3044 1131 3080 curum
1145 3034 1251 3095 preterii
1262 3030 1341 3081 trihu-

317 3112 384 3162 nelis
400 3114 560 3174 integerrimo
573 3114 679 3162 senatori
698 3111 841 3174 Bergelonio
855 3115 1002 3168 committit.
1021 3119 1049 3163 ut
1060 3117 1085 3163 te
1099 3119 1169 3177 coget
1182 3126 1342 3180 quecumque

318 3197 413 3252 ratione
423 3200 468 3245 eut
478 3195 510 3245 uri
520 3195 739 3246 condemnandum*
747 3205 839 3247 norum
850 3199 922 3248 tunm
933 3195 1101 3260 discplinam,
1111 3200 1156 3248 sut
1168 3197 1200 3248 ud
1207 3198 1341 3257 eamdem.

317 3281 382 3329 sicut
390 3282 464 3329 antea
474 3279 554 3329 luerat
564 3279 707 3338 decretum,
719 3278 884 3342 disputatione
895 3276 1105 3331 detendendamt..
1117 3299 1128 3324 ι

350 3362 385 3426 (1)
402 3362 472 3424 Quod
489 3375 532 3413 eos
545 3363 678 3425 seperatim
695 3361 781 3411 iecisse
791 3361 965 3426 carpentarius
979 3367 1080 3424 asserit,
1091 3363 1243 3424 Quintlnunr
1251 3375 1343 3428 nempe

318 3445 492 3496 uenuculend.
500 3445 571 3507 lehc,
580 3446 738 3496 homuntium
748 3449 833 3496 sutem
841 3446 905 3509 prid.
914 3446 965 3496 eal«
974 3448 1110 3508 ejudleurn
1117 3451 1182 3497 eoetu
1192 3448 1344 3499 discessisset

319 3525 394 3584 ibid„
406 3526 438 3575 lol
452 3531 621 3578 12111131.
1171 3542 1181 3554 '

352 3609 386 3672 (2)
401 3607 438 3658 llir
455 3609 559 3671 Bonluy,
579 3611 642 3660 illst.
662 3613 735 3659 univ.¹
749 3611 832 3669 Puris,
853 3611 927 3669 tvl,
945 3624 971 3674 p.
990 3613 1045 3661 391.
1060 3610 1129 3660 «llic
1142 3615 1150 3659 1
1165 3613 1249 3660 martii
1260 3611 1342 3675 (1511)

321 3693 399 3741 lutum
419 3696 457 3741 est
477 3691 580 3741 tandem
601 3690 633 3740 sb
652 3691 751 3741 arbitris
770 3692 893 3753 Judleium
913 3692 1076 3742 decretorium
1096 3692 1215 3742 adversus
1234 3693 1344 3745 hamunt

320 3777 423 3838 ejusque
434 3779 520 3824 contre
534 3775 672 3824 doctrinam
685 3774 821 3826 Aristotelis
831 3774 1066 3826 animadversiones.
1086 3775 1176 3826 «Cum
1187 3775 1343 3830 christianis·

321 3862 400 3908 simus
408 3869 451 3908 rex
462 3863 554 3920 noster,-
565 3871 610 3922 pro
623 3870 669 3908 suo
680 3861 706 3907 ln
717 3858 900 3921 philosophiam
914 3862 939 3906 et
949 3862 1016 3908 reete
1025 3859 1108 3908 studia
1118 3861 1217 3920 enimc,
1232 3861 1304 3912 nobis
1318 3864 1344 3913 lrl

320 3944 402 3992 oneris
412 3944 557 4005 imposuerit
566 3946 594 3991 ut
608 3942 699 3992 librum
710 3939 845 4003 qutemdem
858 3940 886 3989 P.
899 3934 984 3999 Remi,
996 3953 1073 4004 quem
1087 3945 1108 3990 is
1119 3937 1344 3995 Animadversio-

255 4083 261 4096 ‚
320 4038 385 4074 rrum
400 4025 639 4076 Aristotelicorum
651 4025 752 4074 nomine
770 4025 918 4085 inscriptum
935 4024 1056 4075 adversus
1073 4025 1231 4075 Aristotelem
1248 4027 1348 4088 emor,

318 4114 433 4159 recursio
445 4109 595 4170 legeremus,
612 4114 638 4158 et
652 4121 707 4169 que
719 4107 750 4157 de
766 4106 809 4156 illo
825 4110 947 4157 sententia
958 4112 1043 4157 nestra
1060 4112 1138 4168 esset,
1149 4121 1343 4174 exponeremus,

320 4199 366 4240 nos
379 4191 508 4252 diligenter
527 4191 633 4253 perlecto
652 4188 714 4240 libro
728 4193 754 4238 et
767 4188 871 4249 singulis
889 4191 943 4249 ejus
960 4189 1139 4240 animadversis
1157 4203 1187 4239 ue
1204 4191 1345 4253 ponderetis

322 4275 451 4324 sententiis
459 4276 493 4322 its
506 4273 667 4323 censuimus:
683 4271 796 4321 Motum
808 4277 910 4333 temere,
925 4279 1082 4336 srropuutsr
1095 4280 1119 4324 ct
1130 4273 1295 4336 impuasrm
1306 4275 1346 4336 ss-
