<?xml version="1.0" encoding="UTF-8"?>
<!DOCTYPE html PUBLIC "-//W3C//DTD XHTML 1.0 Transitional//EN"
    "http://www.w3.org/TR/xhtml1/DTD/xhtml1-transitional.dtd">
<html xmlns="http://www.w3.org/1999/xhtml" xml:lang="en" lang="en">
 <head>
  <title>
</title>
<meta http-equiv="Content-Type" content="text/html;charset=utf-8" />
  <meta name='ocr-system' content='tesseract 3.04.00' />
  <meta name='ocr-capabilities' content='ocr_page ocr_carea ocr_par ocr_line ocrx_word'/>
</head>
<body>
  <div class='ocr_page' id='page_1' title='image "./depetriramivita00waddgoog_0141.png"; bbox 0 0 2912 5066; ppageno 0'>
   <div class='ocr_carea' id='block_1_1' title="bbox 711 387 926 465">
    <p class='ocr_par' dir='ltr' id='par_1_1' title="bbox 711 387 926 465">
     <span class='ocr_line' id='line_1_1' title="bbox 711 387 926 465; baseline 0.037 -9"><span class='ocrx_word' id='word_1_1' title='bbox 711 387 926 465; x_wconf 69' lang='grc'><strong>-191-</strong></span> 
     </span>
    </p>
   </div>
   <div class='ocr_carea' id='block_1_2' title="bbox 303 547 1328 991">
    <p class='ocr_par' dir='ltr' id='par_1_2' title="bbox 303 547 1328 991">
     <span class='ocr_line' id='line_1_2' title="bbox 333 547 1320 622; baseline 0.001 -6"><span class='ocrx_word' id='word_1_2' title='bbox 333 571 334 574; x_wconf 64' lang='grc'>’</span> <span class='ocrx_word' id='word_1_3' title='bbox 354 547 514 620; x_wconf 90' lang='lat' dir='ltr'>Ceterum</span> <span class='ocrx_word' id='word_1_4' title='bbox 533 571 603 620; x_wconf 94' lang='lat' dir='ltr'>non</span> <span class='ocrx_word' id='word_1_5' title='bbox 616 571 694 620; x_wconf 92' lang='lat' dir='ltr'>cum</span> <span class='ocrx_word' id='word_1_6' title='bbox 708 548 879 620; x_wconf 88' lang='lat' dir='ltr'>rhetorica</span> <span class='ocrx_word' id='word_1_7' title='bbox 897 549 1228 622; x_wconf 79' lang='lat' dir='ltr'>tantumdialecticae</span> <span class='ocrx_word' id='word_1_8' title='bbox 1240 571 1320 620; x_wconf 90' lang='lat' dir='ltr'>usus</span> 
     </span>
     <span class='ocr_line' id='line_1_3' title="bbox 304 665 1321 759; baseline 0 -23"><span class='ocrx_word' id='word_1_9' title='bbox 304 666 459 758; x_wconf 85' lang='lat' dir='ltr'>copulari</span> <span class='ocrx_word' id='word_1_10' title='bbox 476 667 596 756; x_wconf 90' lang='lat' dir='ltr'>debet,</span> <span class='ocrx_word' id='word_1_11' title='bbox 609 689 718 759; x_wconf 93' lang='lat' dir='ltr'>quum</span> <span class='ocrx_word' id='word_1_12' title='bbox 729 665 908 736; x_wconf 87' lang='lat' dir='ltr'>dialectica</span> <span class='ocrx_word' id='word_1_13' title='bbox 925 667 999 736; x_wconf 86' lang='lat' dir='ltr'>dux</span> <span class='ocrx_word' id='word_1_14' title='bbox 1012 668 1115 738; x_wconf 90' lang='lat' dir='ltr'>nobis</span> <span class='ocrx_word' id='word_1_15' title='bbox 1129 667 1321 738; x_wconf 82' lang='lat' dir='ltr'>adhibenda</span> 
     </span>
     <span class='ocr_line' id='line_1_4' title="bbox 303 783 1323 874; baseline 0 -22"><span class='ocrx_word' id='word_1_16' title='bbox 303 783 360 871; x_wconf 90' lang='lat' dir='ltr'>sit,</span> <span class='ocrx_word' id='word_1_17' title='bbox 377 785 654 872; x_wconf 86' lang='lat' dir='ltr'>quaeasensibus</span> <span class='ocrx_word' id='word_1_18' title='bbox 666 793 833 871; x_wconf 90' lang='lat' dir='ltr'>mentem,</span> <span class='ocrx_word' id='word_1_19' title='bbox 846 792 911 852; x_wconf 84' lang='lat' dir='ltr'>ete</span> <span class='ocrx_word' id='word_1_20' title='bbox 926 785 1177 856; x_wconf 89' lang='lat' dir='ltr'>consuetudine</span> <span class='ocrx_word' id='word_1_21' title='bbox 1191 785 1323 874; x_wconf 83' lang='lat' dir='ltr'>cogita-</span> 
     </span>
     <span class='ocr_line' id='line_1_5' title="bbox 306 900 1328 991; baseline 0 -21"><span class='ocrx_word' id='word_1_22' title='bbox 306 901 431 971; x_wconf 90' lang='lat' dir='ltr'>tionem</span> <span class='ocrx_word' id='word_1_23' title='bbox 440 910 591 984; x_wconf 89' lang='lat' dir='ltr'>revocet,</span> <span class='ocrx_word' id='word_1_24' title='bbox 604 901 853 991; x_wconf 76' lang='lat' dir='ltr'>veritatemque</span> <span class='ocrx_word' id='word_1_25' title='bbox 862 900 1062 971; x_wconf 92' lang='lat' dir='ltr'>suolumine</span> <span class='ocrx_word' id='word_1_26' title='bbox 1073 902 1106 972; x_wconf 92' lang='lat' dir='ltr'>in</span> <span class='ocrx_word' id='word_1_27' title='bbox 1116 902 1262 990; x_wconf 81' lang='lat' dir='ltr'>singulis</span> <span class='ocrx_word' id='word_1_28' title='bbox 1272 924 1328 972; x_wconf 64' lang='lat' dir='ltr'>ar⁴</span> 
     </span>
    </p>
   </div>
   <div class='ocr_carea' id='block_1_3' title="bbox 304 1017 1331 1112">
    <p class='ocr_par' dir='ltr' id='par_1_3' title="bbox 304 1017 1331 1112">
     <span class='ocr_line' id='line_1_6' title="bbox 304 1017 1331 1112; baseline 0 -24"><span class='ocrx_word' id='word_1_29' title='bbox 304 1017 411 1107; x_wconf 85' lang='lat' dir='ltr'>tibus,</span> <span class='ocrx_word' id='word_1_30' title='bbox 420 1017 652 1108; x_wconf 84' lang='lat' dir='ltr'>quinetiamin</span> <span class='ocrx_word' id='word_1_31' title='bbox 660 1019 773 1111; x_wconf 88' lang='lat' dir='ltr'>seipsa</span> <span class='ocrx_word' id='word_1_32' title='bbox 783 1019 931 1112; x_wconf 89' lang='lat' dir='ltr'>primum</span> <span class='ocrx_word' id='word_1_33' title='bbox 939 1018 1331 1090; x_wconf 79' lang='lat' dir='ltr'>demonstretflunclo-</span> 
     </span>
    </p>
   </div>
   <div class='ocr_carea' id='block_1_4' title="bbox 297 1135 1331 3725">
    <p class='ocr_par' dir='ltr' id='par_1_4' title="bbox 306 1135 1324 1229">
     <span class='ocr_line' id='line_1_7' title="bbox 306 1135 1324 1229; baseline -0.003 -23"><span class='ocrx_word' id='word_1_34' title='bbox 306 1136 504 1227; x_wconf 79' lang='lat' dir='ltr'>gicaensnm</span> <span class='ocrx_word' id='word_1_35' title='bbox 514 1137 791 1228; x_wconf 81' lang='lat' dir='ltr'>quammaximis</span> <span class='ocrx_word' id='word_1_36' title='bbox 801 1135 1301 1229; x_wconf 85' lang='lat' dir='ltr'>semperlaudibuscelebruvit</span> <span class='ocrx_word' id='word_1_37' title='bbox 1316 1159 1324 1203; x_wconf 75' lang='grc' dir='ltr'><strong>ε</strong></span> 
     </span>
    </p>

    <p class='ocr_par' dir='ltr' id='par_1_5' title="bbox 297 1248 1331 3246">
     <span class='ocr_line' id='line_1_8' title="bbox 360 1248 1328 1342; baseline 0.005 -27"><span class='ocrx_word' id='word_1_38' title='bbox 360 1280 376 1316; x_wconf 78' lang='lat' dir='ltr'>u</span> <span class='ocrx_word' id='word_1_39' title='bbox 391 1251 427 1322; x_wconf 89' lang='lat' dir='ltr'>Si</span> <span class='ocrx_word' id='word_1_40' title='bbox 443 1251 551 1342; x_wconf 89' lang='lat' dir='ltr'>quid,</span> <span class='ocrx_word' id='word_1_41' title='bbox 564 1251 631 1338; x_wconf 90' lang='lat' dir='ltr'>ait,</span> <span class='ocrx_word' id='word_1_42' title='bbox 650 1251 686 1321; x_wconf 92' lang='lat' dir='ltr'>in</span> <span class='ocrx_word' id='word_1_43' title='bbox 700 1251 939 1323; x_wconf 86' lang='lat' dir='ltr'>constituenda</span> <span class='ocrx_word' id='word_1_44' title='bbox 960 1250 1198 1342; x_wconf 81' lang='lat' dir='ltr'>grammatica,</span> <span class='ocrx_word' id='word_1_45' title='bbox 1216 1248 1328 1320; x_wconf 86' lang='lat' dir='ltr'>rheto-</span> 
     </span>
     <span class='ocr_line' id='line_1_9' title="bbox 306 1367 1328 1461; baseline 0 -25"><span class='ocrx_word' id='word_1_46' title='bbox 306 1369 397 1455; x_wconf 87' lang='lat' dir='ltr'>rica,</span> <span class='ocrx_word' id='word_1_47' title='bbox 416 1367 530 1460; x_wconf 81' lang='lat' dir='ltr'>logica</span> <span class='ocrx_word' id='word_1_48' title='bbox 547 1367 651 1440; x_wconf 86' lang='lat' dir='ltr'>etiam</span> <span class='ocrx_word' id='word_1_49' title='bbox 664 1367 759 1461; x_wconf 89' lang='lat' dir='ltr'>ipsa,</span> <span class='ocrx_word' id='word_1_50' title='bbox 779 1368 808 1438; x_wconf 92' lang='lat' dir='ltr'>si</span> <span class='ocrx_word' id='word_1_51' title='bbox 831 1368 919 1460; x_wconf 90' lang='lat' dir='ltr'>quid</span> <span class='ocrx_word' id='word_1_52' title='bbox 945 1367 1112 1438; x_wconf 87' lang='lat' dir='ltr'>adversus</span> <span class='ocrx_word' id='word_1_53' title='bbox 1131 1367 1328 1456; x_wconf 81' lang='lat' dir='ltr'>grammati·</span> 
     </span>
     <span class='ocr_line' id='line_1_10' title="bbox 307 1483 1328 1578; baseline 0 -24"><span class='ocrx_word' id='word_1_54' title='bbox 307 1505 446 1568; x_wconf 88' lang='lat' dir='ltr'>corum,</span> <span class='ocrx_word' id='word_1_55' title='bbox 461 1484 659 1575; x_wconf 77' lang='lat' dir='ltr'>rhetorum,</span> <span class='ocrx_word' id='word_1_56' title='bbox 681 1486 873 1576; x_wconf 79' lang='lat' dir='ltr'>logicorum</span> <span class='ocrx_word' id='word_1_57' title='bbox 892 1485 1072 1578; x_wconf 89' lang='lat' dir='ltr'>opiniones</span> <span class='ocrx_word' id='word_1_58' title='bbox 1095 1484 1231 1554; x_wconf 86' lang='lat' dir='ltr'>acutius</span> <span class='ocrx_word' id='word_1_59' title='bbox 1244 1483 1328 1554; x_wconf 86' lang='lat' dir='ltr'>vidi·</span> 
     </span>
     <span class='ocr_line' id='line_1_11' title="bbox 307 1603 1325 1696; baseline -0.002 -22"><span class='ocrx_word' id='word_1_60' title='bbox 307 1626 404 1693; x_wconf 89' lang='lat' dir='ltr'>mus,</span> <span class='ocrx_word' id='word_1_61' title='bbox 423 1604 547 1695; x_wconf 75' lang='lat' dir='ltr'>logicae</span> <span class='ocrx_word' id='word_1_62' title='bbox 561 1605 677 1674; x_wconf 88' lang='lat' dir='ltr'>lumen</span> <span class='ocrx_word' id='word_1_63' title='bbox 690 1604 765 1674; x_wconf 86' lang='lat' dir='ltr'>fuit.</span> <span class='ocrx_word' id='word_1_64' title='bbox 782 1604 817 1672; x_wconf 92' lang='lat' dir='ltr'>Si</span> <span class='ocrx_word' id='word_1_65' title='bbox 833 1603 919 1694; x_wconf 91' lang='lat' dir='ltr'>quid</span> <span class='ocrx_word' id='word_1_66' title='bbox 935 1603 1200 1696; x_wconf 81' lang='lat' dir='ltr'>interpretandis</span> <span class='ocrx_word' id='word_1_67' title='bbox 1214 1603 1325 1690; x_wconf 86' lang='lat' dir='ltr'>bono·</span> 
     </span>
     <span class='ocr_line' id='line_1_12' title="bbox 304 1719 1329 1813; baseline -0.001 -22"><span class='ocrx_word' id='word_1_68' title='bbox 304 1742 382 1791; x_wconf 91' lang='lat' dir='ltr'>rum</span> <span class='ocrx_word' id='word_1_69' title='bbox 401 1731 582 1791; x_wconf 87' lang='lat' dir='ltr'>auctorum</span> <span class='ocrx_word' id='word_1_70' title='bbox 602 1719 754 1790; x_wconf 90' lang='lat' dir='ltr'>consiliis</span> <span class='ocrx_word' id='word_1_71' title='bbox 767 1721 1149 1813; x_wconf 86' lang='lat' dir='ltr'>variaequeprudentiae</span> <span class='ocrx_word' id='word_1_72' title='bbox 1167 1719 1329 1792; x_wconf 86' lang='lat' dir='ltr'>laudibus</span> 
     </span>
     <span class='ocr_line' id='line_1_13' title="bbox 297 1837 1324 1931; baseline -0.001 -22"><span class='ocrx_word' id='word_1_73' title='bbox 297 1838 514 1931; x_wconf 84' lang='lat' dir='ltr'>explicandis</span> <span class='ocrx_word' id='word_1_74' title='bbox 527 1839 701 1928; x_wconf 88' lang='lat' dir='ltr'>juventuti</span> <span class='ocrx_word' id='word_1_75' title='bbox 719 1839 931 1931; x_wconf 83' lang='lat' dir='ltr'>profuimus,</span> <span class='ocrx_word' id='word_1_76' title='bbox 951 1840 1077 1930; x_wconf 73' lang='lat' dir='ltr'>logicae</span> <span class='ocrx_word' id='word_1_77' title='bbox 1104 1842 1221 1910; x_wconf 89' lang='lat' dir='ltr'>lumen</span> <span class='ocrx_word' id='word_1_78' title='bbox 1250 1837 1324 1909; x_wconf 82' lang='lat' dir='ltr'>tuit.</span> 
     </span>
     <span class='ocr_line' id='line_1_14' title="bbox 298 1957 1327 2050; baseline -0.001 -24"><span class='ocrx_word' id='word_1_79' title='bbox 298 1957 334 2026; x_wconf 88' lang='lat' dir='ltr'>si</span> <span class='ocrx_word' id='word_1_80' title='bbox 352 1978 460 2048; x_wconf 89' lang='lat' dir='ltr'>quam</span> <span class='ocrx_word' id='word_1_81' title='bbox 474 1958 570 2050; x_wconf 84' lang='lat' dir='ltr'>apud</span> <span class='ocrx_word' id='word_1_82' title='bbox 588 1979 652 2029; x_wconf 87' lang='lat' dir='ltr'>vos</span> <span class='ocrx_word' id='word_1_83' title='bbox 677 1958 854 2049; x_wconf 87' lang='lat' dir='ltr'>vestrique</span> <span class='ocrx_word' id='word_1_84' title='bbox 875 1958 1011 2049; x_wconf 81' lang='lat' dir='ltr'>generis</span> <span class='ocrx_word' id='word_1_85' title='bbox 1031 1957 1166 2030; x_wconf 88' lang='lat' dir='ltr'>animos</span> <span class='ocrx_word' id='word_1_86' title='bbox 1192 1957 1327 2028; x_wconf 86' lang='lat' dir='ltr'>liberali</span> 
     </span>
     <span class='ocr_line' id='line_1_15' title="bbox 302 2076 1330 2170; baseline 0.001 -25"><span class='ocrx_word' id='word_1_87' title='bbox 302 2077 525 2167; x_wconf 80' lang='lat' dir='ltr'>ingenueque</span> <span class='ocrx_word' id='word_1_88' title='bbox 545 2076 744 2148; x_wconf 90' lang='lat' dir='ltr'>conditione</span> <span class='ocrx_word' id='word_1_89' title='bbox 762 2076 928 2170; x_wconf 83' lang='lat' dir='ltr'>praeditos</span> <span class='ocrx_word' id='word_1_90' title='bbox 944 2077 1073 2167; x_wconf 81' lang='lat' dir='ltr'>ingenii</span> <span class='ocrx_word' id='word_1_91' title='bbox 1097 2078 1224 2147; x_wconf 88' lang='lat' dir='ltr'>famam</span> <span class='ocrx_word' id='word_1_92' title='bbox 1241 2096 1330 2146; x_wconf 88' lang='lat' dir='ltr'>cou-</span> 
     </span>
     <span class='ocr_line' id='line_1_16' title="bbox 302 2194 1330 2286; baseline -0.002 -20"><span class='ocrx_word' id='word_1_93' title='bbox 302 2195 412 2266; x_wconf 88' lang='lat' dir='ltr'>secnti</span> <span class='ocrx_word' id='word_1_94' title='bbox 430 2217 563 2283; x_wconf 85' lang='lat' dir='ltr'>sumus,</span> <span class='ocrx_word' id='word_1_95' title='bbox 582 2195 686 2286; x_wconf 77' lang='lat' dir='ltr'>logici</span> <span class='ocrx_word' id='word_1_96' title='bbox 695 2195 836 2266; x_wconf 91' lang='lat' dir='ltr'>luminis</span> <span class='ocrx_word' id='word_1_97' title='bbox 848 2196 959 2286; x_wconf 81' lang='lat' dir='ltr'>gratia</span> <span class='ocrx_word' id='word_1_98' title='bbox 978 2205 1012 2265; x_wconf 90' lang='lat' dir='ltr'>et</span> <span class='ocrx_word' id='word_1_99' title='bbox 1030 2194 1330 2266; x_wconf 85' lang='lat' dir='ltr'>commendatione</span> 
     </span>
     <span class='ocr_line' id='line_1_17' title="bbox 303 2313 1328 2407; baseline 0 -23"><span class='ocrx_word' id='word_1_100' title='bbox 303 2313 480 2384; x_wconf 86' lang='lat' dir='ltr'>consecuti</span> <span class='ocrx_word' id='word_1_101' title='bbox 505 2335 638 2384; x_wconf 89' lang='lat' dir='ltr'>sumus.</span> <span class='ocrx_word' id='word_1_102' title='bbox 662 2313 845 2384; x_wconf 84' lang='lat' dir='ltr'>Rhetorica</span> <span class='ocrx_word' id='word_1_103' title='bbox 876 2323 1078 2384; x_wconf 85' lang='lat' dir='ltr'>ornamenta</span> <span class='ocrx_word' id='word_1_104' title='bbox 1109 2335 1246 2407; x_wconf 88' lang='lat' dir='ltr'>semper</span> <span class='ocrx_word' id='word_1_105' title='bbox 1271 2313 1328 2384; x_wconf 85' lang='lat' dir='ltr'>illa</span> 
     </span>
     <span class='ocr_line' id='line_1_18' title="bbox 304 2432 1329 2528; baseline 0.002 -26"><span class='ocrx_word' id='word_1_106' title='bbox 304 2432 448 2526; x_wconf 93' lang='lat' dir='ltr'>quidem</span> <span class='ocrx_word' id='word_1_107' title='bbox 463 2455 539 2504; x_wconf 91' lang='lat' dir='ltr'>sum</span> <span class='ocrx_word' id='word_1_108' title='bbox 555 2433 746 2504; x_wconf 89' lang='lat' dir='ltr'>admiratus</span> <span class='ocrx_word' id='word_1_109' title='bbox 768 2457 782 2502; x_wconf 90' lang='lat'>:·</span> <span class='ocrx_word' id='word_1_110' title='bbox 794 2441 829 2503; x_wconf 89' lang='lat' dir='ltr'>at</span> <span class='ocrx_word' id='word_1_111' title='bbox 843 2433 993 2524; x_wconf 81' lang='lat' dir='ltr'>logicam</span> <span class='ocrx_word' id='word_1_112' title='bbox 1012 2440 1047 2503; x_wconf 90' lang='lat' dir='ltr'>et</span> <span class='ocrx_word' id='word_1_113' title='bbox 1060 2433 1095 2503; x_wconf 92' lang='lat' dir='ltr'>in</span> <span class='ocrx_word' id='word_1_114' title='bbox 1113 2433 1329 2528; x_wconf 84' lang='lat' dir='ltr'>providendo</span> 
     </span>
     <span class='ocr_line' id='line_1_19' title="bbox 305 2552 1330 2643; baseline -0.002 -21"><span class='ocrx_word' id='word_1_115' title='bbox 305 2553 480 2624; x_wconf 87' lang='lat' dir='ltr'>solertiam</span> <span class='ocrx_word' id='word_1_116' title='bbox 514 2560 547 2624; x_wconf 92' lang='lat' dir='ltr'>et</span> <span class='ocrx_word' id='word_1_117' title='bbox 583 2553 618 2622; x_wconf 95' lang='lat' dir='ltr'>in</span> <span class='ocrx_word' id='word_1_118' title='bbox 648 2552 840 2643; x_wconf 87' lang='lat' dir='ltr'>judicando</span> <span class='ocrx_word' id='word_1_119' title='bbox 877 2553 1106 2624; x_wconf 85' lang='lat' dir='ltr'>constantiam</span> <span class='ocrx_word' id='word_1_120' title='bbox 1139 2552 1330 2624; x_wconf 89' lang='lat' dir='ltr'>incredibili</span> 
     </span>
     <span class='ocr_line' id='line_1_20' title="bbox 305 2669 1331 2776; baseline -0.002 -36"><span class='ocrx_word' id='word_1_121' title='bbox 305 2692 424 2776; x_wconf 81' lang='lat' dir='ltr'>amore</span> <span class='ocrx_word' id='word_1_122' title='bbox 434 2673 489 2742; x_wconf 88' lang='lat' dir='ltr'>vel</span> <span class='ocrx_word' id='word_1_123' title='bbox 502 2672 627 2742; x_wconf 89' lang='lat' dir='ltr'>ardore</span> <span class='ocrx_word' id='word_1_124' title='bbox 640 2672 756 2765; x_wconf 92' lang='lat' dir='ltr'>potius</span> <span class='ocrx_word' id='word_1_125' title='bbox 767 2671 985 2764; x_wconf 84' lang='lat' dir='ltr'>amplexatus</span> <span class='ocrx_word' id='word_1_126' title='bbox 995 2692 1084 2740; x_wconf 89' lang='lat' dir='ltr'>sum.</span> <span class='ocrx_word' id='word_1_127' title='bbox 1097 2671 1189 2755; x_wconf 88' lang='lat' dir='ltr'>Quid</span> <span class='ocrx_word' id='word_1_128' title='bbox 1201 2669 1331 2741; x_wconf 82' lang='lat' dir='ltr'>multa?</span> 
     </span>
     <span class='ocr_line' id='line_1_21' title="bbox 304 2785 1329 2882; baseline 0.004 -28"><span class='ocrx_word' id='word_1_129' title='bbox 304 2787 340 2854; x_wconf 88' lang='lat' dir='ltr'>Si</span> <span class='ocrx_word' id='word_1_130' title='bbox 353 2787 562 2861; x_wconf 86' lang='lat' dir='ltr'>charissimis</span> <span class='ocrx_word' id='word_1_131' title='bbox 573 2785 752 2880; x_wconf 88' lang='lat' dir='ltr'>discipulis</span> <span class='ocrx_word' id='word_1_132' title='bbox 766 2789 947 2882; x_wconf 85' lang='lat' dir='ltr'>disciplina</span> <span class='ocrx_word' id='word_1_133' title='bbox 960 2809 1036 2858; x_wconf 91' lang='lat' dir='ltr'>meo</span> <span class='ocrx_word' id='word_1_134' title='bbox 1043 2787 1175 2878; x_wconf 86' lang='lat' dir='ltr'>judicio</span> <span class='ocrx_word' id='word_1_135' title='bbox 1185 2787 1329 2858; x_wconf 87' lang='lat' dir='ltr'>nobilis·</span> 
     </span>
     <span class='ocr_line' id='line_1_22' title="bbox 306 2901 1330 2998; baseline 0.004 -28"><span class='ocrx_word' id='word_1_136' title='bbox 306 2901 393 2970; x_wconf 88' lang='lat' dir='ltr'>sima</span> <span class='ocrx_word' id='word_1_137' title='bbox 410 2910 445 2971; x_wconf 93' lang='lat' dir='ltr'>et</span> <span class='ocrx_word' id='word_1_138' title='bbox 464 2903 737 2975; x_wconf 80' lang='lat' dir='ltr'>liberalissimas</span> <span class='ocrx_word' id='word_1_139' title='bbox 755 2906 863 2976; x_wconf 91' lang='lat' dir='ltr'>musis</span> <span class='ocrx_word' id='word_1_140' title='bbox 881 2906 983 2998; x_wconf 91' lang='lat' dir='ltr'>ipsis,</span> <span class='ocrx_word' id='word_1_141' title='bbox 1000 2905 1125 2976; x_wconf 82' lang='lat' dir='ltr'>artium</span> <span class='ocrx_word' id='word_1_142' title='bbox 1137 2903 1181 2974; x_wconf 88' lang='lat' dir='ltr'>de</span> <span class='ocrx_word' id='word_1_143' title='bbox 1198 2903 1330 2994; x_wconf 91' lang='lat' dir='ltr'>quibus</span> 
     </span>
     <span class='ocr_line' id='line_1_23' title="bbox 305 3019 1328 3118; baseline 0.003 -28"><span class='ocrx_word' id='word_1_144' title='bbox 305 3019 481 3109; x_wconf 91' lang='lat' dir='ltr'>loquimur</span> <span class='ocrx_word' id='word_1_145' title='bbox 493 3019 719 3112; x_wconf 68' lang='lat' dir='ltr'>praesidibus,</span> <span class='ocrx_word' id='word_1_146' title='bbox 735 3024 889 3114; x_wconf 87' lang='lat' dir='ltr'>optanda</span> <span class='ocrx_word' id='word_1_147' title='bbox 900 3033 1164 3118; x_wconf 86' lang='lat' dir='ltr'>proponeretur,</span> <span class='ocrx_word' id='word_1_148' title='bbox 1179 3023 1328 3115; x_wconf 82' lang='lat' dir='ltr'>logicam</span> 
     </span>
     <span class='ocr_line' id='line_1_24' title="bbox 307 3137 838 3246; baseline 0 -36"><span class='ocrx_word' id='word_1_149' title='bbox 307 3139 444 3211; x_wconf 87' lang='lat' dir='ltr'>medius</span> <span class='ocrx_word' id='word_1_150' title='bbox 457 3137 560 3246; x_wconf 76' lang='lat' dir='ltr'>lidius</span> <span class='ocrx_word' id='word_1_151' title='bbox 574 3150 729 3232; x_wconf 85' lang='lat' dir='ltr'>optarem</span> <span class='ocrx_word' id='word_1_152' title='bbox 743 3139 773 3236; x_wconf 89' lang='lat' dir='ltr'>(t</span> <span class='ocrx_word' id='word_1_153' title='bbox 782 3139 838 3236; x_wconf 82' lang='lat' dir='ltr'>).u</span> 
     </span>
    </p>

    <p class='ocr_par' dir='ltr' id='par_1_6' title="bbox 302 3259 1330 3725">
     <span class='ocr_line' id='line_1_25' title="bbox 355 3259 1330 3365; baseline 0 -35"><span class='ocrx_word' id='word_1_154' title='bbox 355 3260 470 3344; x_wconf 88' lang='lat' dir='ltr'>Quum</span> <span class='ocrx_word' id='word_1_155' title='bbox 483 3259 610 3365; x_wconf 70' lang='lat' dir='ltr'>igitur2</span> <span class='ocrx_word' id='word_1_156' title='bbox 627 3260 739 3362; x_wconf 74' lang='lat' dir='ltr'>logica</span> <span class='ocrx_word' id='word_1_157' title='bbox 755 3261 857 3349; x_wconf 86' lang='lat' dir='ltr'>duce,</span> <span class='ocrx_word' id='word_1_158' title='bbox 874 3270 964 3332; x_wconf 88' lang='lat' dir='ltr'>artes</span> <span class='ocrx_word' id='word_1_159' title='bbox 982 3261 1137 3352; x_wconf 81' lang='lat' dir='ltr'>singulas</span> <span class='ocrx_word' id='word_1_160' title='bbox 1149 3262 1330 3354; x_wconf 85' lang='lat' dir='ltr'>perlustra·</span> 
     </span>
     <span class='ocr_line' id='line_1_26' title="bbox 307 3379 1329 3478; baseline 0.001 -30"><span class='ocrx_word' id='word_1_161' title='bbox 307 3379 480 3478; x_wconf 83' lang='lat' dir='ltr'>venimus,</span> <span class='ocrx_word' id='word_1_162' title='bbox 499 3387 572 3450; x_wconf 89' lang='lat' dir='ltr'>tum</span> <span class='ocrx_word' id='word_1_163' title='bbox 600 3379 821 3474; x_wconf 77' lang='lat' dir='ltr'>scientiarum</span> <span class='ocrx_word' id='word_1_164' title='bbox 840 3380 1071 3451; x_wconf 86' lang='lat' dir='ltr'>humanarum</span> <span class='ocrx_word' id='word_1_165' title='bbox 1088 3381 1329 3472; x_wconf 79' lang='lat' dir='ltr'>cognationem</span> 
     </span>
     <span class='ocr_line' id='line_1_27' title="bbox 302 3495 1326 3602; baseline 0.004 -40"><span class='ocrx_word' id='word_1_166' title='bbox 302 3495 539 3587; x_wconf 73' lang='lat' dir='ltr'>uirtutemque</span> <span class='ocrx_word' id='word_1_167' title='bbox 556 3499 806 3602; x_wconf 78' lang='lat' dir='ltr'>perspiciamus</span> <span class='ocrx_word' id='word_1_168' title='bbox 826 3497 926 3590; x_wconf 81' lang='lat' dir='ltr'>jubet</span> <span class='ocrx_word' id='word_1_169' title='bbox 952 3498 1180 3593; x_wconf 90' lang='lat' dir='ltr'>philosophus</span> <span class='ocrx_word' id='word_1_170' title='bbox 1198 3507 1326 3585; x_wconf 89' lang='lat' dir='ltr'>noster,</span> 
     </span>
     <span class='ocr_line' id='line_1_28' title="bbox 308 3601 1329 3725; baseline 0.007 -44"><span class='ocrx_word' id='word_1_171' title='bbox 308 3621 346 3683; x_wconf 89' lang='lat' dir='ltr'>ut</span> <span class='ocrx_word' id='word_1_172' title='bbox 362 3613 491 3725; x_wconf 72' lang='lat' dir='ltr'>laboris</span> <span class='ocrx_word' id='word_1_173' title='bbox 507 3601 650 3722; x_wconf 85' lang='lat' dir='ltr'>hnmani</span> <span class='ocrx_word' id='word_1_174' title='bbox 667 3619 799 3692; x_wconf 81' lang='lat' dir='ltr'>fructus</span> <span class='ocrx_word' id='word_1_175' title='bbox 817 3621 926 3712; x_wconf 87' lang='lat' dir='ltr'>possit</span> <span class='ocrx_word' id='word_1_176' title='bbox 942 3620 1106 3692; x_wconf 85' lang='lat' dir='ltr'>aestimari</span> <span class='ocrx_word' id='word_1_177' title='bbox 1125 3629 1160 3690; x_wconf 89' lang='lat' dir='ltr'>et</span> <span class='ocrx_word' id='word_1_178' title='bbox 1178 3619 1329 3712; x_wconf 91' lang='lat' dir='ltr'>optimus</span> 
     </span>
    </p>
   </div>
   <div class='ocr_carea' id='block_1_5' title="bbox 307 3835 1328 3873">
    <p class='ocr_par' dir='ltr' id='par_1_7' title="bbox 307 3835 1328 3873">
     <span class='ocr_line' id='line_1_29' title="bbox 307 3835 1328 3873; baseline -0.003 -14"><span class='ocrx_word' id='word_1_179' title='bbox 307 3835 1328 3873; x_wconf 43' lang='lat' dir='ltr'>——w--m——ss--m--m--m</span> 
     </span>
    </p>
   </div>
   <div class='ocr_carea' id='block_1_6' title="bbox 307 3943 1331 4120">
    <p class='ocr_par' dir='ltr' id='par_1_8' title="bbox 307 3943 1331 4120">
     <span class='ocr_line' id='line_1_30' title="bbox 308 3943 1331 4050; baseline 0.004 -34"><span class='ocrx_word' id='word_1_180' title='bbox 308 3977 361 4018; x_wconf 82' lang='lat' dir='ltr'>tem</span> <span class='ocrx_word' id='word_1_181' title='bbox 373 3970 402 4016; x_wconf 90' lang='lat' dir='ltr'>ut</span> <span class='ocrx_word' id='word_1_182' title='bbox 419 3979 506 4018; x_wconf 83' lang='lat' dir='ltr'>verum</span> <span class='ocrx_word' id='word_1_183' title='bbox 517 3943 673 4050; x_wconf 72' lang='lat' dir='ltr'>tolldumdpe</span> <span class='ocrx_word' id='word_1_184' title='bbox 686 3969 793 4020; x_wconf 75' lang='lat' dir='ltr'>fructum</span> <span class='ocrx_word' id='word_1_185' title='bbox 806 3947 1014 4034; x_wconf 64' lang='lat' dir='ltr'>prudentissime</span> <span class='ocrx_word' id='word_1_186' title='bbox 1024 3963 1124 4022; x_wconf 85' lang='lat' dir='ltr'>virtutis</span> <span class='ocrx_word' id='word_1_187' title='bbox 1134 3975 1276 4034; x_wconf 87' lang='lat' dir='ltr'>cupiamus,</span> <span class='ocrx_word' id='word_1_188' title='bbox 1288 3984 1331 4020; x_wconf 86' lang='lat' dir='ltr'>nr-</span> 
     </span>
     <span class='ocr_line' id='line_1_31' title="bbox 307 4043 1331 4120; baseline 0.004 -20"><span class='ocrx_word' id='word_1_189' title='bbox 307 4049 339 4100; x_wconf 81' lang='lat' dir='ltr'>tls</span> <span class='ocrx_word' id='word_1_190' title='bbox 356 4058 477 4115; x_wconf 75' lang='lat' dir='ltr'>precepta</span> <span class='ocrx_word' id='word_1_191' title='bbox 491 4043 804 4118; x_wconf 73' lang='lat' dir='ltr'>breuitercognoscantnr:</span> <span class='ocrx_word' id='word_1_192' title='bbox 814 4056 844 4105; x_wconf 93' lang='lat' dir='ltr'>de</span> <span class='ocrx_word' id='word_1_193' title='bbox 856 4056 896 4106; x_wconf 85' lang='lat' dir='ltr'>his</span> <span class='ocrx_word' id='word_1_194' title='bbox 906 4070 962 4107; x_wconf 87' lang='lat' dir='ltr'>raro</span> <span class='ocrx_word' id='word_1_195' title='bbox 971 4071 1001 4107; x_wconf 84' lang='lat' dir='ltr'>uc</span> <span class='ocrx_word' id='word_1_196' title='bbox 1012 4059 1132 4120; x_wconf 84' lang='lat' dir='ltr'>tantisper</span> <span class='ocrx_word' id='word_1_197' title='bbox 1142 4057 1202 4105; x_wconf 90' lang='lat' dir='ltr'>dum</span> <span class='ocrx_word' id='word_1_198' title='bbox 1214 4055 1331 4105; x_wconf 74' lang='lat' dir='ltr'>doctrina</span> 
     </span>
    </p>
   </div>
   <div class='ocr_carea' id='block_1_7' title="bbox 304 4135 1187 4284">
    <p class='ocr_par' dir='ltr' id='par_1_9' title="bbox 304 4135 1187 4284">
     <span class='ocr_line' id='line_1_32' title="bbox 304 4135 1187 4204; baseline 0.003 -22"><span class='ocrx_word' id='word_1_199' title='bbox 304 4135 336 4182; x_wconf 88' lang='lat' dir='ltr'>nd</span> <span class='ocrx_word' id='word_1_200' title='bbox 351 4135 538 4188; x_wconf 79' lang='lat' dir='ltr'>institutionum</span> <span class='ocrx_word' id='word_1_201' title='bbox 549 4151 652 4190; x_wconf 85' lang='lat' dir='ltr'>suarum</span> <span class='ocrx_word' id='word_1_202' title='bbox 667 4139 732 4204; x_wconf 79' lang='lat' dir='ltr'>leges</span> <span class='ocrx_word' id='word_1_203' title='bbox 743 4141 865 4204; x_wconf 78' lang='lat' dir='ltr'>quadrare</span> <span class='ocrx_word' id='word_1_204' title='bbox 877 4141 1001 4202; x_wconf 82' lang='lat' dir='ltr'>videatur,</span> <span class='ocrx_word' id='word_1_205' title='bbox 1016 4141 1187 4202; x_wconf 68' lang='lat' dir='ltr'>disputetur.»</span> 
     </span>
     <span class='ocr_line' id='line_1_33' title="bbox 337 4214 619 4284; baseline 0.035 -22"><span class='ocrx_word' id='word_1_206' title='bbox 337 4214 374 4277; x_wconf 83' lang='lat' dir='ltr'>(t)</span> <span class='ocrx_word' id='word_1_207' title='bbox 388 4217 455 4268; x_wconf 78' lang='lat' dir='ltr'>Orat.</span> <span class='ocrx_word' id='word_1_208' title='bbox 464 4220 548 4270; x_wconf 82' lang='lat' dir='ltr'>desua</span> <span class='ocrx_word' id='word_1_209' title='bbox 557 4222 619 4284; x_wconf 85' lang='lat' dir='ltr'>proi.</span> 
     </span>
    </p>
   </div>
   <div class='ocr_carea' id='block_1_8' title="bbox 0 0 1470 5066">
    <p class='ocr_par' dir='ltr' id='par_1_10' title="bbox 0 0 1470 5066">
     <span class='ocr_line' id='line_1_34' title="bbox 0 0 1470 5066; baseline 0 0"><span class='ocrx_word' id='word_1_210' title='bbox 0 0 1470 5066; x_wconf 95' lang='lat' dir='ltr'> </span> 
     </span>
    </p>
   </div>
  </div>
 </body>
</html>
