2912 5066
731 503 778 528 v.
806 465 875 545 ‘155
901 513 948 526 ..

326 631 421 706 lum:
445 659 463 701 n
477 634 578 707 Nulla
596 630 784 706 auctoritas
802 621 967 718 rationu,
997 631 1060 702 sed
1083 630 1169 700 ratio
1193 625 1350 700 auctori-

327 753 405 824 tatis
422 753 541 844 negina
561 752 773 844 dominaque
791 771 867 820 esso
884 748 987 820 debet
1011 748 1077 842 (1).
1096 774 1113 816 n
1136 750 1251 819 Talem
1267 746 1348 838 opi-

326 869 465 940 nionem
481 871 615 960 integro
630 878 710 940 ante
725 868 915 940 Cartesium
931 869 1049 936 seculo
1067 868 1266 958 professus,
1286 885 1354 957 per

325 986 465 1076 triginta
478 1008 589 1058 annos
604 987 735 1077 ubique
750 985 936 1075 multisque
952 983 1065 1054 modis
1078 983 1228 1054 dicendo
1244 963 1357 1074 agen-

326 1105 443 1194 doque
462 1112 600 1176 strenue
614 1103 852 1188 confirmavit,
873 1123 915 1170 ac
929 1100 1098 1189 sanguine
1119 1120 1183 1169 suo
1211 1109 1358 1191 postre-

327 1243 422 1293 mum
433 1222 648 1312 obsignavit:
663 1221 790 1312 dignus
799 1218 959 1309 certequi
970 1239 1033 1310 pro
1044 1217 1356 1287 maximoCartesii

327 1340 523 1433 praenuntio
540 1340 737 1411 haberetur.

378 1460 420 1528 ll.
449 1460 488 1530 ld
500 1460 603 1530 etiam
617 1459 653 1528 in
662 1459 771 1530 Ramo
781 1457 957 1542 admiror,
974 1453 1070 1545 qnod
1085 1475 1164 1522 cum
1178 1452 1357 1523 liberrime

329 1575 364 1646 in
383 1585 517 1648 veteres
534 1577 726 1667 inquirere,
746 1597 878 1667 eosque
900 1573 1029 1666 saepius
1054 1571 1180 1642 erroris
1203 1593 1354 1661 arguere

328 1696 451 1768 solitus
470 1698 572 1765 fuerit
588 1694 659 1789 (2),
688 1718 748 1768 eos
768 1707 882 1766 tamen
906 1693 1069 1765 laudibus
1090 1713 1225 1784 semper
1245 1702 1351 1762 extu·

330 1814 406 1882 terit
433 1813 620 1902 animoque
648 1815 830 1904 amplexus
856 1811 980 1897 fuerit,
1011 1811 1080 1879 imo
1113 1810 1179 1881 sibi
1208 1810 1356 1899 suisque

329 1929 506 2020 discipulis
526 1929 713 2001 imitandos
733 1928 952 2023 proposuerit
984 1927 1051 2022 (3).
1089 1927 1247 2007 Ceterum
1279 1949 1353 1998 non

327 2047 535 2138 indigestam
546 2049 641 2140 apud
652 2050 798 2118 Remum
812 2047 1036 2118 imitationem
1052 2047 1163 2138 ipsam
1175 2045 1350 2138 reperim,

329 2165 390 2236 sed
407 2186 484 2236 eam
503 2189 521 2232 «
539 2187 620 2257 quae
637 2167 824 2258 prudenter
842 2186 931 2255 quos
950 2164 1077 2234 imitari
1088 2165 1171 2234 velit
1180 2164 1314 2254 seligat.
1331 2190 1350 2232 u

329 2280 385 2352 Sic
408 2305 428 2353 a
450 2284 626 2354 veteribus
648 2284 760 2375 magis
782 2281 980 2353 verecunde
1003 2303 1109 2372 quam
1134 2283 1241 2373 vulgo
1264 2281 1353 2352 fides

329 2411 401 2490 est,
423 2402 666 2491 dissentiebat3
690 2403 759 2472 imo
776 2402 874 2494 quod
892 2401 937 2472 ad
954 2410 1089 2472 veteres
1102 2409 1254 2493 spectat,
1276 2401 1352 2492 pbi-

330 2521 519 2614 losophicae
536 2521 702 2593 libertatis
715 2523 914 2614 exemplum
932 2519 1137 2613 prudentius
1155 2541 1261 2611 quam
1277 2519 1355 2610 ipse

330 2639 503 2712 Cartesius
516 2641 663 2734 posteris
678 2639 828 2732 reliquit.

323 2753 342 2840 ¹.
380 2759 434 2828 lll.
463 2759 577 2842 Quum
593 2769 709 2829 autem
725 2759 759 2828 in
780 2767 899 2829 nostra
915 2755 1025 2826 Gallia
1042 2755 1174 2848 primus
1191 2755 1237 2825 ad
1254 2755 1355 2825 illus-

331 2870 455 2940 tranda
478 2871 670 2942 dialecticae
691 2880 866 2964 praecepta
886 2870 1074 2940 vernaculo
1092 2890 1250 2939 sermone
1272 2890 1358 2938 usus

334 2986 455 3071 fuerit,
482 2989 642 3078 exemplo
668 3008 811 3076 quoque
837 2989 1028 3079 praeclaro,
1056 2996 1095 3056 ut
1115 2987 1231 3058 verbis
1253 2995 1358 3056 antea

334 3103 533 3178 Joaehimus
568 3103 717 3174 Bellaius
745 3100 817 3196 (l),
844 3102 1070 3195 philosophos
1097 3104 1277 3192 invitavit,
1319 3111 1359 3172 ut

367 3387 402 3454 (ι)
414 3391 665 3450 schotmattrernnt„
675 3387 717 3438 lib.
727 3388 774 3445 111,
787 3399 811 3450 p.
821 3389 862 3437 ra.
876 3385 912 3435 ct.
926 3383 1028 3434 ltinleet.
1039 3386 1119 3445 part,
1133 3381 1244 3446 pretet..
1257 3381 1276 3431 1.
1292 3387 1321 3434 tt
1332 3399 1359 3433 v.

334 3485 372 3532 sq.
385 3491 391 3530 ;
409 3471 490 3521 Scirol.
503 3471 582 3533 dieb,
596 3471 613 3521 l.
626 3471 667 3530 Vl,
677 3484 699 3520 c.
711 3474 735 3530 6,
746 3473 794 3519 etc.
1146 3499 1164 3532 0

367 3552 402 3614 (2)
414 3552 561 3602 Henclinmi
574 3554 714 3602 libertatem
723 3552 839 3617 permulti
849 3553 979 3614 scriptores
985 3549 1085 3610 indigne
1092 3547 1213 3606 tulerunt,
1223 3547 1289 3597 inter
1295 3563 1360 3610 ques

331 3629 422 3682 ''batzam
434 3635 608 3697 (Entretiens,
621 3637 915 3697 Paris.,165't,in-t⁰‚p.
931 3634 998 3694 isti:
1013 3627 1112 3681 «iletre
1122 3635 1224 3681 retenue
1234 3643 1287 3680 seru
1300 3631 1359 3680 bien

333 3715 445 3778 stoignee
458 3715 489 3764 de
500 3717 644 3767 l’insolence
658 3719 692 3767 du
706 3719 809 3768 docteur
820 3719 913 3768 Rerum
926 3718 969 3778 qui
983 3715 1063 3765 laisoit
1079 3713 1212 3776 profession
1229 3712 1360 3761 d’inirnitie

333 3812 395 3849 erec
406 3799 441 3848 les
452 3797 525 3848 beros
534 3800 565 3850 de
577 3804 634 3849 tous
647 3801 682 3850 les
694 3801 765 3862 riges,
777 3804 821 3864 qui
830 3800 1058 3864 particulierement
1072 3799 1167 3849 vouloit
1177 3796 1313 3859 triompher
1328 3795 1359 3844 cle

336 3883 453 3941 ciceron,
465 3883 508 3944 qui
519 3881 542 3931 lc
555 3883 649 3936 vouloit
660 3887 833 3945 supprimeret
846 3883 979 3933 initieris
992 3885 1032 3931 vie
1040 3893 1129 3931 encore
1139 3894 1188 3931 une
1200 3879 1261 3939 lois,
1273 3878 1311 3928 s'il
1322 3879 1358 3927 lui

333 3969 378 4018 erit
386 3966 424 4018 ete'
432 3965 553 4031 possible,
570 3979 630 4016 aveo
646 3965 814 4017 l’bonneur.»
861 3971 867 3981 “

365 4051 402 4117 (t)
421 4071 434 4098 u
442 4052 471 4102 ln
481 4051 573 4114 quibus
586 4049 671 4112 (Cicer.
676 4087 683 4113 ,
694 4050 794 4111 virgil„
809 4047 874 4112 etc.)
890 4048 1082 4111 interpretandis
1094 4048 1155 4098 mibi
1167 4047 1302 4109 aliquando
1313 4044 1362 4094 sas·

333 4147 378 4184 sus
387 4138 432 4194 est,
443 4147 470 4184 se
482 4135 612 4184 tritomum
622 4141 644 4183 et
656 4135 794 4183 sturmium
801 4137 825 4182 et
833 4131 941 4180 Fabium
954 4130 1146 4195 (stapulensem)
1157 4132 1235 4192 sequi,
1246 4129 1278 4178 ab
1289 4130 1359 4177 initio

333 4219 380 4266 sibi
393 4221 529 4280 propositos
540 4219 617 4269 bonos
627 4223 652 4268 et
663 4217 815 4268 methodicos
827 4218 1003 4277 interpretes.»
1017 4215 1129 4266 Naucel..
1141 4226 1166 4275 p.
1178 4219 1217 4264 lt.

365 4300 401 4359 (1)
416 4301 449 4348 La
458 4301 516 4349 deti.
526 4307 549 4350 et
561 4303 678 4352 illustrat.
692 4303 722 4352 de
734 4301 757 4351 ln
773 4301 864 4361 langue
879 4298 1008 4360 benonim,
1021 4298 1038 4347 1.
1052 4299 1071 4358 1,
1084 4312 1105 4349 r.
1122 4312 1137 4346 x
1151 4317 1157 4346 :
1172 4297 1225 4358 Quo
1235 4297 1258 4347 la
1271 4296 1360 4356 langue
