2938 5072
534 389 726 496 ’.65-

113 598 341 662 revocarunt.
360 589 448 673 Quin
474 587 543 660 alia
563 588 617 659 vis
630 587 735 658 ctiam
760 586 900 678 gravior
919 589 974 678 (l)
992 587 1138 676 accidit,

117 718 158 779 ut
175 731 195 780 e
212 707 396 779 vincennis
414 729 474 801 per
488 707 582 778 invia
597 707 720 777 itinera
738 706 1006 800 profugiendum
1024 707 1139 794 luerit,

118 836 154 898 et
174 826 323 898 subinde
340 825 445 897 variis
460 827 495 896 in
519 826 605 898 locis
628 823 897 896 delitescendum
915 827 982 916 (2).
1007 827 1046 894 ln
1060 825 1143 918 luga
1228 868 1236 881 ·

119 953 238 1016 tamen
256 943 363 1014 otium
378 943 523 1034 aliquod
539 940 726 1014 identidem
740 942 887 1036 reperit,
908 942 1034 1036 partim
1049 941 1145 1036 apud

119 1062 268 1153 Regium
283 1069 458 1150 montem,
474 1083 495 1132 a
509 1061 611 1133 Bam.
628 1061 769 1132 Faiollio
785 1069 954 1155 exceptus
963 1057 1016 1155 (3)
1034 1113 1043 1150 ,
1061 1081 1144 1154 par·

119 1180 182 1250 tim
201 1180 300 1273 apud
313 1181 461 1272 Regium
475 1179 668 1268 Crsolium,
686 1177 866 1252 Bertrandl
888 1177 1095 1270 Magdalieui
1113 1189 1148 1250 et

118 1297 224 1368 loan.
248 1295 332 1366 Belli
349 1296 484 1366 liberali
508 1295 661 1388 hospitio
680 1317 792 1383 usus,
820 1295 1063 1384 eruditumque
1089 1295 1151 1364 Lo·
1241 1293 1252 1312 “

121 1414 222 1486 doici
244 1413 446 1484 Carbonarii
479 1405 513 1484 et
539 1397 732 1504 jucundam
759 1412 1044 1484 consuetudinem
1072 1435 1151 1484 nao-

123 1543 184 1604 tus
208 1531 281 1627 (i).
314 1532 476 1624 Pityaicaa
504 1541 619 1604 autem
642 1533 769 1604 scions
792 1532 846 1602 vel
881 1531 1047 1623 fugitivus
1071 1553 1149 1625 per-¹

121 1651 339 1744 scripserat,
381 1671 459 1722 cum
483 1672 555 1744 pax
584 1650 798 1744 optatissima
834 1646 887 1746 (5)
922 1651 1084 1726 aillictam
1105 1659 1156 1722 tot

124 1769 294 1842 aerumnis
308 1768 453 1840 Galliam
468 1765 609 1840 reficere
625 1777 660 1839 et
677 1789 832 1840 recreare
845 1769 965 1862 coepit.

176 1886 348 1958 Lutetiam
370 1885 477 1977 igitur
501 1908 684 1970 reversus,
705 1887 885 1958 Praelleum
905 1909 1028 1976 suum,
1059 1885 1157 1978 quod

127 2003 203 2076 fido
222 2005 335 2076 amico
353 2005 493 2076 nomine
510 2005 540 2076 l.
557 2005 712 2076 Poitevin
730 2005 944 2095 crediderat,
966 2005 1156 2098 aquodam

127 2121 283 2193 Antonio
311 2122 466 2194 ltluldrao
487 2123 671 2215 theologiae
696 2124 924 2194 baccalaureo
948 2132 1158 2217 occupatum

128 2241 273 2334 reperit.
300 2241 377 2311 Non
403 2250 518 2314 umen
537 2263 601 2312 suo
631 2241 834 2335 primariatu
852 2241 994 2336 impune
1017 2243 1158 2335 spoliari
1178 2296 1184 2310 .

130 2360 264 2449 potuit,
279 2359 392 2432 sedin
409 2360 588 2454 pristinam
603 2359 721 2431 sedem
732 2360 891 2432 obstante
904 2361 1041 2432 nemine
1056 2362 1158 2432 resti·

130 2484 230 2548 tutus
239 2485 292 2550 est
306 2477 371 2565 (6),
388 2477 428 2556 ln
442 2477 573 2568 regiam
583 2499 703 2548 rursus
718 2475 919 2556 cathedram
938 2477 1158 2559 conscendit.

162 2773 199 2838 (1)
217 2773 291 2830 fland
303 2774 381 2828 semel
396 2773 475 2828 llamo
490 2773 596 2824 letlralos
614 2773 717 2824 insidias
732 2773 826 2824 inimici
843 2778 1008 2838 paraverunt,
1020 2775 1085 2824 sicut
1098 2773 1160 2826 inira

131 2857 354 2910 demonstrabitur.

163 2937 202 3006 (²)
218 2940 288 2991 Orat.
298 2941 330 2990 de
341 2952 388 2990 aua
399 2938 501 3006 prqiess.
515 2939 552 2990 Gi.
566 2940 662 3003 uren,
672 2954 696 3004 p.
709 2941 749 2998 28.

166 3025 202 3087 (3)
221 3024 286 3075 lbld.
296 3022 335 3074 cl.
349 3023 432 3074 schol.
443 3022 531 3086 phys,
544 3022 588 3073 lib.
599 3023 635 3086 ll,
646 3024 705 3087 epil.

166 3111 205 3165 (t)
222 3105 402 3169 scholpluys,
414 3105 459 3156 lib.
469 3106 602 3169 lllll,apll.

167 3191 203 3253 (5)
220 3190 286 3247 dnn.
300 3192 370 3250 ¹56³,
380 3191 421 3240 dia
433 3193 462 3244 iti
473 3203 554 3258 mous.
564 3195 639 3242 mart.
650 3169 842 3242 ambulandum
854 3189 1013 3257 (d’tmboisa)
1022 3193 1102 3244 iudea
1111 3195 1164 3247 inlP

137 3279 193 3324 tum
201 3277 254 3333 asta
270 3273 430 3326 vid.'ll1uani
441 3273 518 3336 litat,
530 3275 574 3326 lit).
586 3273 693 3336 lllllllv,
704 3275 751 3326 ano
759 3275 803 3326 lla.

169 3358 203 3420 (o)
221 3356 260 3407 liu
270 3355 375 3419 Boulay,
386 3357 452 3418 tvi,
466 3370 491 3420 p,
503 3361 559 3420 oto,
574 3359 614 3408 ad.
629 3371 690 3408 aun.
700 3358 847 3414 mutulen
859 3371 904 3422 par
914 3359 939 3409 la
952 3370 1013 3410 cour
1024 3359 1165 3422 lamqueatc

138 3441 267 3505 presentia
274 3441 602 3506 putamussecundum
615 3441 689 3492 bach.
699 3442 731 3493 de
740 3441 818 3491 tlrtol.
830 3453 861 3491 en
871 3443 959 3492 l’unir.
975 3443 1093 3502 delatis,
1102 3459 1165 3496 con-

137 3528 228 3576 tanant
236 3525 360 3590 quelli.
374 3525 405 3576 de
415 3525 440 3576 la
449 3525 553 3586 demto,
566 3525 603 3576 (lit
614 3525 719 3586 flamus,
730 3525 851 3588 principat
863 3525 897 3576 du
909 3525 966 3577 coll.
978 3527 1121 3593 dal'rcsles,
1133 3543 1164 3582 en

139 3607 192 3657 l'an
205 3609 265 3658 ¹562
273 3619 301 3658 aa
311 3609 387 3658 serati
397 3607 502 3658 absente
512 3619 575 3670 pour
586 3607 610 3658 le
621 3607 667 3657 tait
676 3607 707 3656 dc
718 3607 742 3658 la
756 3607 871 3658 nouvelle
881 3610 983 3673 opinion
994 3612 1054 3664 dont
1065 3614 1082 3664 ll
1090 3618 1165 3666 estoit

141 3691 306 3740 autumnans
316 3689 432 3750 dlliamt,
444 3693 501 3742 etle
510 3691 637 3754 suppl-iant
648 3689 699 3741 este'
710 3701 821 3754 peamau
833 3705 878 3756 par
893 3693 1024 3760 turaque
1035 3697 1066 3747 de
1078 3698 1164 3760 Paris,

137 3772 269 3838 suptilem
279 3786 311 3826 an
323 3777 362 3826 oet
371 3774 470 3826 endroit
481 3774 511 3825 de
519 3774 544 3825 la
554 3775 691 3838 chapellet
702 3776 808 3839 laquelle
825 3780 897 3830 estoit
907 3781 1018 3835 enneade
1030 3782 1054 3832 la
1069 3785 1166 3846 princi-

141 3855 397 3920 panttduditoolltge
405 3893 484 3920 .....
500 3857 606 3922 laquelle
615 3863 753 3924 possemion
767 3863 1032 3925 perelllementauroit
1042 3867 1093 3918 aste
1104 3879 1166 3917 con·

140 3940 228 3994 irma'e
244 3953 290 4006 par
309 3947 389 3992 arrest
406 3942 438 3992 (le
452 3942 528 3994 ludite
544 3957 605 3994 cour
619 3944 650 3995 de
667 3944 822 4009 perlectam,
841 3947 993 4005 nonobstunt
1009 3948 1166 4011 l’opposltlon

141 4026 227 4078 laites
244 4025 269 4076 la
280 4024 331 4076 dlte
344 4027 427 4088 prinae
444 4025 475 4076 de
486 4029 622 4090 possession
634 4028 706 4080 dudit
720 4029 861 4093 suppliant,
870 4042 916 4093 par
933 4043 969 4080 uu
985 4029 1087 4080 mutand
1104 4031 1165 4082 leau

143 4108 302 4165 Poltevlmou
318 4113 389 4160 autre
404 4113 509 4160 commta
521 4123 567 4176 par
577 4112 639 4162 ledit
654 4111 764 4173 Romus,
775 4116 800 4162 at
812 4118 913 4164 suivant
926 4114 987 4164 ledit
1002 4113 1093 4174 artest',
1109 4116 1171 4168 ladit

140 4193 270 4258 supplicat
280 4195 363 4244 aumlt
375 4195 437 4257 tany
449 4194 481 4245 (le
496 4195 572 4246 ludite
586 4195 699 4260 chapelle
711 4201 736 4246 ei
747 4193 916 4262 principante,
933 4197 1036 4258 jamnes
1046 4197 1061 4247 t
1073 4211 1101 4250 ce
1118 4213 1168 4264 qus

142 4275 416 4348 l'e'tlitdepau'fleation
427 4279 502 4330 sarcit
513 4291 633 4336 sarrana,
646 4317 652 4328 .
665 4314 692 4337 .,
712 4293 744 4330 au
755 4277 882 4340 mouendo
891 4291 957 4345 quoy
971 4279 1031 4335 ladit
1040 4285 1168 4349 suppilant

949 4373 968 4430 5
