2912 5066
590 904 654 982 ill.

391 1203 586 1259 otrinoous
605 1208 741 1260 ornnon
762 1209 860 1272 ntur,

317 1421 345 1462 ΙΝ
364 1424 489 1470 QUATUOR
506 1427 601 1466 SEROES
621 1427 811 1478 plurumum,
831 1427 940 1475 obtudit

156 1629 302 1692 Primaea
312 1635 524 1709 complectitur
533 1651 703 1712 operaque
715 1607 937 1696 viventeadhuc
944 1637 1040 1696 hamo
1048 1637 1078 1695 in
1089 1637 1134 1696 lu⁴

116 1749 184 1794 cem
204 1734 384 1808 prodierunt
401 1751 409 1794 :
426 1752 492 1810 quae
507 1737 570 1796 lere
581 1738 682 1796 omnia
696 1742 765 1812 post
779 1738 844 1811 ejus
857 1737 974 1797 obitum
988 1738 1067 1813 typis
1077 1739 1136 1798 ite*

116 1850 184 1894 rum
194 1836 364 1909 iterumque
375 1839 533 1897 commissa
544 1843 623 1909 sunt,
636 1844 670 1897 ut
678 1839 756 1898 infra
769 1839 1032 1899 demonstrabitur.

157 1926 295 1994 secunda
306 1935 343 1994 ad
358 1938 536 2011 posthumus
549 1940 635 1998 Remi
647 1940 742 2000 libros
755 1941 893 2014 pertinet

158 2029 259 2086 Tertia
276 2029 486 2103 complectitur
506 2045 703 2106 quaecumque
723 2032 762 2091 ab
780 2047 818 2091 eo
836 2034 1004 2107 perscripta
1022 2037 1074 2091 aut
1088 2032 1137 2090 in-

117 2129 227 2188 choata
235 2171 245 2202 ,
261 2131 291 2188 in
305 2131 405 2189 lucem
416 2131 551 2190 nondum
565 2133 733 2220 editasunt.

158 2230 272 2301 Quarta
286 2230 416 2305 denique
427 2235 533 2292 eurum
549 2233 642 2293 estde
656 2234 766 2308 quihus
780 2235 925 2293 nonsatis
942 2235 1070 2304 constat,
1086 2236 1138 2290 aut

118 2343 185 2402 quae
200 2331 295 2390 Ramo
311 2332 463 2391 adiversls
476 2331 673 2408 scriptoribus
686 2335 836 2417 immerito
851 2319 920 2391 suut
934 2332 1084 2391 attributa.

158 2432 241 2490 Ordo
260 2421 408 2508 praterea
426 2415 625 2504 indicabitur,
651 2433 816 2498 secundnm
834 2448 925 2507 quem
945 2433 1047 2491 omnia
1071 2447 1139 2506 quae

117 2536 238 2590 exstant
246 2532 417 2606 philosophi
430 2533 525 2591 nostri
535 2529 756 2608 operaedenda
770 2534 957 2607 potissimum
970 2548 1035 2592 esse
1052 2531 1141 2590 nohis

115 2631 269 2690 videntur.
438 2625 460 2644 '¹
491 2631 499 2644 ¹
632 2654 636 2662 ·

162 2727 244 2804 (Hoc
254 2728 339 2803 signo
351 2727 366 2757 *
380 2734 523 2793 notantur
530 2733 560 2791 iu
571 2731 631 2794 hoc
641 2733 780 2806 catalogo
790 2747 988 2808 quecumque
1004 2732 1140 2792 adoctls-

114 2831 195 2888 simo
215 2829 345 2889 Niceron
361 2825 559 2906 (Memoires,
581 2839 600 2892 t
624 2835 698 2894 Xlll
708 2875 717 2906 ,
733 2850 763 2910 p.
783 2836 840 2894 290
854 2848 942 2910 sqq,
971 2839 1001 2894 et
1021 2839 1042 2894 t
1059 2835 1139 2906 xx,

115 2945 148 3004 p.
166 2927 216 3008 oo)
233 2946 425 3008 nequaquam
437 2933 675 3005 indicatasunt).
1148 2925 1155 2936 '

548 3168 668 3220 situlus
686 3171 707 3218 1.

119 3366 145 3422 l.
162 3362 175 3390 *
190 3364 270 3422 Petri
284 3365 370 3423 llami
379 3366 582 3425 veromandui
598 3361 767 3422 Dialectlcae
785 3360 981 3431 partitiones,
997 3359 1035 3417 ad
1052 3351 1135 3417 cele*

157 3464 320 3524 berrimam
330 3471 360 3524 et
369 3467 595 3525 illustrissimam
605 3461 916 3522 Lutetiael’arislorum
932 3460 1133 3519 Academiam

157 3564 402 3637 Cumprivllegio.
414 3559 1036 3633 ExcudebatlacobusRogardus,Parisiis‚
1045 3555 1136 3632 liii,

157 3663 235 3722 in-80
250 3679 362 3738 parvo,
376 3665 428 3723 tol.
448 3665 494 3723 85.

155 3795 193 3808 -
211 3766 291 3824 Petri
305 3766 392 3825 llami
401 3765 604 3826 veromandui
618 3765 787 3824 Dialecticae
796 3764 1018 3836 institutiones,
1035 3761 1074 3822 ad
1088 3776 1136 3822 ce-

156 3866 237 3938 leb,
260 3870 317 3925 etc.
341 3870 415 3927 cum
427 3869 526 3943 privil.
541 3869 649 3939 Paris,
664 3866 769 3926 excud.
792 3869 854 3925 iac.
869 3865 1024 3938 bogardus
1034 3877 1137 3922 mense

156 3968 322 4042 septembri
334 3969 424 4040 15113,
435 3969 525 4040 in·8⁰,
541 3970 593 4029 iol.
614 3971 660 4028 58.

156 4068 216 4110 —*
234 4072 336 4129 Tertio
347 4071 439 4130 editio
450 4077 519 4130 ante
529 4086 596 4130 ano.
625 4071 700 4130 15bl
722 4067 881 4143 apparuit,
905 4065 1053 4139 siquidem
1067 4066 1132 4123 lac.

154 4171 353 4244 carpentario
365 4172 440 4231 sides
452 4172 635 4232 adhibetur:
655 4170 780 4228 «Tertia
792 4163 1048 4244 (editiol‚inqult,
1067 4180 1136 4224 cum

153 4270 208 4330 tibi
218 4273 300 4330 eruli
310 4273 348 4332 de
361 4273 551 4348 philosophia
559 4273 691 4334 scribere
701 4284 762 4329 non
772 4269 890 4340 liceret,
896 4268 982 4327 tratri
995 4264 1138 4346 (Talaeo),
