2916 5062
518 374 709 444 ..91-

96 539 221 612 dicare
253 534 414 625 memini,
442 557 498 608 me
521 559 629 607 unum
650 537 685 608 in
703 548 761 610 tna
784 537 912 608 familia
936 545 1129 610 ceterorum

99 660 327 733 familiarium
351 658 553 732 dissimilem
569 679 663 744 esse,
681 661 779 752 quod
801 660 849 730 illi
867 660 1006 732 assidue
1023 667 1129 750 atque

100 782 304 874 importune
317 777 535 868 flagitarent,
552 797 620 868 ego
637 786 758 850 contra
775 799 819 848 ne
836 778 974 848 terentii
987 777 1128 869 quidem

101 918 233 968 munus
259 897 370 968 ullum
396 915 553 985 unquam
583 894 647 966 ebs
675 903 709 966 te
735 895 957 989 petivissem
986 904 1130 988 tumque

104 1015 361 1088 velutofiensus
374 1014 505 1105 rogasti
522 1023 637 1088 utrum
648 1016 818 1088 voluntati
830 1035 875 1086 un
892 1016 1047 1098 facultati
1059 1025 1129 1088 tuae

104 1113 361 1208 diffiderem...
379 1132 604 1204 Parisiensem
616 1155 700 1206 vero
714 1135 976 1227 professionem,
989 1145 1129 1227 acceptu

104 1251 316 1326 Bononiensi
333 1250 559 1344 professione,
571 1250 834 1343 siper-misisses,
844 1252 1051 1346 jampridem
1067 1250 1130 1320 tibi

105 1371 336 1446 reddidissem
352 1367 422 1464 (l).
438 1369 553 1441 »Tum
564 1369 774 1444 cardinalem
785 1370 945 1442 bortatur
955 1380 994 1440 ut
1004 1378 1131 1440 metum

105 1491 253 1562 laudum
266 1510 410 1560 suarum
423 1489 568 1562 collocet
585 1513 594 1557 ι
610 1489 887 1580 «grammatica,
903 1487 1036 1580 inquit,
1054 1487 1132 1560 rhe-

9 1599 10 1622 ¹
106 1605 239 1693 tonica,
257 1603 454 1691 dialectica,
469 1599 707 1692 arithmetice,
725 1603 913 1696 geometria
926 1611 1078 1674 nostram
1092 1602 1132 1670 li·

106 1744 202 1796 mam
212 1721 412 1794 subierunt:
427 1720 509 1792 duae
522 1720 568 1792 de
579 1729 711 1814 septem
718 1720 851 1794 artibus
862 1725 1047 1816 supersunt
1056 1719 1128 1816 fil:

108 1835 275 1931 intelligis
290 1839 377 1929 quid
400 1839 464 1910 abs
479 1847 514 1910 te
530 1841 734 1933 postuletur.
759 1841 915 1934 Expletis
935 1841 1132 1932 uigiliarum

109 1958 258 2029 istamm
274 1957 445 2042 excubiis,
465 1957 681 2048 reliqnavita
695 1958 803 2030 sacris
810 1959 884 2049 jam
896 1958 1003 2030 literis
1016 1958 1132 2030 animo

110 2079 305 2149 devovetur
322 2078 388 2169 (3).
410 2101 429 2144 n

159 2195 295 2268 Eodem
308 2195 485 2288 religionis
500 2217 575 2268 suae
592 2197 710 2268 studio
731 2199 922 2290 impulsus,
938 2196 1099 2289 impetrat
1115 2219 1135 2267 a

113 2335 197 2406 rege
212 2313 353 2386 veniam
365 2335 407 2386 ac
419 2310 634 2408 provinciam
648 2293 863 2407 ampliorem,
882 2322 1007 2384 utnon
1023 2315 1136 2386 solum

7 2450 8 2454 ’
114 2433 251 2524 privato
270 2431 387 2504 studio
403 2441 494 2504 artes
509 2426 974 2521 meditandoscribendoque
992 2431 1137 2502 illustra-

7 2569 8 2578 *
115 2561 181 2640 ret,
199 2550 380 2624 sedetiam
396 2550 540 2624 sublatis
553 2549 822 2642 impedimentis,
843 2550 1039 2619 reformatae
1056 2549 1137 2618 reli-

7 2709 8 2714 *
115 2663 1133 2762 gioniscultupublicoinpostorumliberiusfrueretur(l).

117 2784 341 2880 Theologiam
358 2797 474 2862 antem
500 2787 547 2860 ad
570 2795 761 2862 ceterarum
785 2783 911 2859 artium
936 2785 1138 2858 methodum

119 2909 319 2997 informare,
334 2908 369 2979 in
381 2929 492 3000 cuque
503 2907 750 2998 elegantiorem
762 2907 1053 2998 urbanioremque
1066 2907 1140 3001 phi-

119 3026 313 3122 losophiam
331 3047 522 3122 exposcere
538 3026 781 3099 meditabatur.
805 3025 998 3102 Scilicetad
1013 3049 1139 3100 unum·

7 3147 8 3154 ’
122 3165 297 3236 quemque
319 3143 503 3237 theologiae
521 3145 637 3214 locum
656 3143 919 3231 illustrandum,
935 3142 1053 3213 divina
1067 3143 1138 3234 pri-

121 3287 216 3334 mum
229 3264 355 3335 veteris
369 3263 522 3354 novique
540 3263 681 3336 foederis
703 3261 896 3336 testimonia
911 3261 1143 3352 exemplaque

123 3382 359 3476 proponebat3
380 3381 443 3454 sed
455 3381 608 3452 humana
622 3382 667 3452 ab
682 3379 876 3470 insignibus
888 3378 1012 3472 poetis,
1022 3386 1146 3450 orato

123 3501 234 3590 ribnS,
258 3501 428 3572 historicis
456 3501 685 3595 deprompta,
711 3497 851 3568 minime
875 3498 1140 3570 contemnebat:

124 3642 194 3692 non
210 3630 249 3691 nt
261 3621 341 3694 inde
361 3621 430 3691 ulla
448 3620 624 3712 religionis
639 3621 694 3690 vel
720 3618 916 3707 auctoritas,
937 3617 992 3689 vel
1015 3607 1145 3712 appro‹

125 3740 218 3811 butio
229 3747 452 3832 repeteretur,
463 3739 525 3812 sed
538 3749 576 3810 nt
587 3739 805 3840 manifestum
815 3735 989 3811 videretur
1008 3763 1024 3804 ιι
1040 3739 1150 3809 chris«

156 3991 191 4053 (1)
207 3992 288 4055 Epi-t.-
298 3995 430 4055 posteread
441 3995 497 4044 Cur.
508 3993 591 4054 lotha,
606 3997 629 4042 11
640 3995 688 4043 rel.
699 4006 756 4042 nor.
772 3995 840 4043 1510.
853 3991 889 4040 Cf.
900 3991 1010 4046 Nnncol..
1020 4003 1044 4050 p.
1052 3991 1091 4048 6⁴,
1104 3991 1147 4036 ese

158 4077 193 4134 (2)
211 4074 318 4138 Nempe,
330 4080 358 4125 nt
367 4079 464 4139 opinor,
475 4077 570 4126 musica
580 4080 604 4126 ct
618 4077 777 4130 astronomia.

158 4161 194 4214 (3)
213 4156 290 4219 Epist.
302 4171 351 4208 sec.
363 4159 395 4207 nd
406 4158 461 4208 Car.
476 4157 561 4216 lofin,
579 4163 602 4206 11
618 4156 664 4206 col.
675 4169 732 4204 nov.
747 4158 813 4203 15111.

160 4245 195 4300 (t)
213 4241 317 4303 Banou,
329 4256 354 4305 pf
364 4247 405 4292 st,
