<?xml version="1.0" encoding="UTF-8"?>
<!DOCTYPE html PUBLIC "-//W3C//DTD XHTML 1.0 Transitional//EN"
    "http://www.w3.org/TR/xhtml1/DTD/xhtml1-transitional.dtd">
<html xmlns="http://www.w3.org/1999/xhtml" xml:lang="en" lang="en">
 <head>
  <title>
</title>
<meta http-equiv="Content-Type" content="text/html;charset=utf-8" />
  <meta name='ocr-system' content='tesseract 3.04.00' />
  <meta name='ocr-capabilities' content='ocr_page ocr_carea ocr_par ocr_line ocrx_word'/>
</head>
<body>
  <div class='ocr_page' id='page_1' title='image "./depetriramivita00waddgoog_0058.png"; bbox 0 0 2916 5062; ppageno 0'>
   <div class='ocr_carea' id='block_1_1' title="bbox 530 485 701 559">
    <p class='ocr_par' dir='ltr' id='par_1_1' title="bbox 530 485 701 559">
     <span class='ocr_line' id='line_1_1' title="bbox 530 485 701 559; baseline 0 -25"><span class='ocrx_word' id='word_1_1' title='bbox 530 485 701 559; x_wconf 50' lang='grc'>..[14-</span> 
     </span>
    </p>
   </div>
   <div class='ocr_carea' id='block_1_2' title="bbox 111 644 1147 2515">
    <p class='ocr_par' dir='ltr' id='par_1_2' title="bbox 111 644 1147 2515">
     <span class='ocr_line' id='line_1_2' title="bbox 111 644 1137 739; baseline 0.004 -23"><span class='ocrx_word' id='word_1_2' title='bbox 111 646 303 737; x_wconf 84' lang='lat' dir='ltr'>legitimam</span> <span class='ocrx_word' id='word_1_3' title='bbox 328 644 464 736; x_wconf 86' lang='lat' dir='ltr'>legendi</span> <span class='ocrx_word' id='word_1_4' title='bbox 493 647 637 717; x_wconf 81' lang='lat' dir='ltr'>formam</span> <span class='ocrx_word' id='word_1_5' title='bbox 658 647 842 736; x_wconf 82' lang='lat' dir='ltr'>uiolasset,</span> <span class='ocrx_word' id='word_1_6' title='bbox 869 648 955 718; x_wconf 89' lang='lat' dir='ltr'>tristi</span> <span class='ocrx_word' id='word_1_7' title='bbox 985 650 1137 739; x_wconf 90' lang='lat' dir='ltr'>quodam</span> 
     </span>
     <span class='ocr_line' id='line_1_3' title="bbox 111 761 1139 858; baseline 0.001 -22"><span class='ocrx_word' id='word_1_8' title='bbox 111 762 281 858; x_wconf 89' lang='lat' dir='ltr'>supplicis</span> <span class='ocrx_word' id='word_1_9' title='bbox 293 761 519 833; x_wconf 80' lang='lat' dir='ltr'><strong>traductionis</strong></span> <span class='ocrx_word' id='word_1_10' title='bbox 534 783 660 854; x_wconf 82' lang='lat' dir='ltr'>genere</span> <span class='ocrx_word' id='word_1_11' title='bbox 673 763 868 848; x_wconf 89' lang='lat' dir='ltr'>damnatur,</span> <span class='ocrx_word' id='word_1_12' title='bbox 887 773 925 833; x_wconf 88' lang='lat' dir='ltr'>ut</span> <span class='ocrx_word' id='word_1_13' title='bbox 942 764 978 834; x_wconf 92' lang='lat' dir='ltr'>in</span> <span class='ocrx_word' id='word_1_14' title='bbox 992 766 1139 856; x_wconf 90' lang='lat' dir='ltr'>publicis</span> 
     </span>
     <span class='ocr_line' id='line_1_4' title="bbox 113 881 1135 976; baseline -0.002 -20"><span class='ocrx_word' id='word_1_15' title='bbox 113 885 244 956; x_wconf 87' lang='lat' dir='ltr'>sobolis</span> <span class='ocrx_word' id='word_1_16' title='bbox 262 881 479 975; x_wconf 83' lang='lat' dir='ltr'>disciplinam</span> <span class='ocrx_word' id='word_1_17' title='bbox 496 903 593 956; x_wconf 93' lang='lat' dir='ltr'>suam</span> <span class='ocrx_word' id='word_1_18' title='bbox 614 883 688 976; x_wconf 88' lang='lat' dir='ltr'>ipse</span> <span class='ocrx_word' id='word_1_19' title='bbox 707 882 896 954; x_wconf 86' lang='lat' dir='ltr'>detestetur</span> <span class='ocrx_word' id='word_1_20' title='bbox 914 891 949 954; x_wconf 89' lang='lat' dir='ltr'>et</span> <span class='ocrx_word' id='word_1_21' title='bbox 965 883 1135 976; x_wconf 77' lang='lat' dir='ltr'>abneget,</span> 
     </span>
     <span class='ocr_line' id='line_1_5' title="bbox 113 999 1139 1093; baseline 0.001 -21"><span class='ocrx_word' id='word_1_22' title='bbox 113 1003 148 1072; x_wconf 91' lang='lat' dir='ltr'>in</span> <span class='ocrx_word' id='word_1_23' title='bbox 173 1009 422 1093; x_wconf 80' lang='lat' dir='ltr'>poetarumque</span> <span class='ocrx_word' id='word_1_24' title='bbox 444 999 671 1088; x_wconf 86' lang='lat' dir='ltr'>jurejurando</span> <span class='ocrx_word' id='word_1_25' title='bbox 701 1001 747 1070; x_wconf 91' lang='lat' dir='ltr'>nil</span> <span class='ocrx_word' id='word_1_26' title='bbox 777 1002 847 1072; x_wconf 89' lang='lat' dir='ltr'>tale·</span> <span class='ocrx_word' id='word_1_27' title='bbox 868 1001 1037 1071; x_wconf 85' lang='lat' dir='ltr'>iacturum</span> <span class='ocrx_word' id='word_1_28' title='bbox 1064 1023 1139 1073; x_wconf 88' lang='lat' dir='ltr'>esse</span> 
     </span>
     <span class='ocr_line' id='line_1_6' title="bbox 114 1111 1140 1214; baseline 0.004 -24"><span class='ocrx_word' id='word_1_29' title='bbox 114 1119 308 1190; x_wconf 86' lang='lat' dir='ltr'>confirmet.</span> <span class='ocrx_word' id='word_1_30' title='bbox 322 1116 376 1188; x_wconf 83' lang='lat' dir='ltr'>Ad</span> <span class='ocrx_word' id='word_1_31' title='bbox 390 1111 637 1211; x_wconf 88' lang='lat' dir='ltr'>discipulorum</span> <span class='ocrx_word' id='word_1_32' title='bbox 649 1119 845 1213; x_wconf 81' lang='lat' dir='ltr'>perfugium</span> <span class='ocrx_word' id='word_1_33' title='bbox 857 1122 1012 1214; x_wconf 86' lang='lat' dir='ltr'>confugit</span> <span class='ocrx_word' id='word_1_34' title='bbox 1024 1133 1058 1194; x_wconf 92' lang='lat' dir='ltr'>et</span> <span class='ocrx_word' id='word_1_35' title='bbox 1071 1145 1140 1194; x_wconf 91' lang='lat' dir='ltr'>una</span> 
     </span>
     <span class='ocr_line' id='line_1_7' title="bbox 114 1232 1139 1329; baseline 0.007 -25"><span class='ocrx_word' id='word_1_36' title='bbox 114 1243 298 1328; x_wconf 86' lang='lat' dir='ltr'>prouocat.</span> <span class='ocrx_word' id='word_1_37' title='bbox 316 1232 425 1304; x_wconf 81' lang='lat' dir='ltr'>Causa</span> <span class='ocrx_word' id='word_1_38' title='bbox 441 1234 545 1324; x_wconf 90' lang='lat' dir='ltr'>igitur</span> <span class='ocrx_word' id='word_1_39' title='bbox 558 1237 604 1308; x_wconf 91' lang='lat' dir='ltr'>ad</span> <span class='ocrx_word' id='word_1_40' title='bbox 621 1238 817 1329; x_wconf 81' lang='lat' dir='ltr'>superiores</span> <span class='ocrx_word' id='word_1_41' title='bbox 829 1238 1028 1310; x_wconf 86' lang='lat' dir='ltr'>Academiae</span> <span class='ocrx_word' id='word_1_42' title='bbox 1043 1241 1139 1311; x_wconf 92' lang='lat' dir='ltr'>ordi-</span> 
     </span>
     <span class='ocr_line' id='line_1_8' title="bbox 116 1351 1141 1448; baseline 0.001 -25"><span class='ocrx_word' id='word_1_43' title='bbox 116 1375 178 1424; x_wconf 86' lang='lat' dir='ltr'>nes</span> <span class='ocrx_word' id='word_1_44' title='bbox 204 1351 358 1423; x_wconf 91' lang='lat' dir='ltr'>secunda</span> <span class='ocrx_word' id='word_1_45' title='bbox 384 1354 632 1444; x_wconf 90' lang='lat' dir='ltr'>provocatione</span> <span class='ocrx_word' id='word_1_46' title='bbox 659 1353 854 1426; x_wconf 81' lang='lat' dir='ltr'>deducitur.</span> <span class='ocrx_word' id='word_1_47' title='bbox 881 1355 944 1424; x_wconf 90' lang='lat' dir='ltr'>Hic</span> <span class='ocrx_word' id='word_1_48' title='bbox 972 1375 1050 1424; x_wconf 92' lang='lat' dir='ltr'>cum</span> <span class='ocrx_word' id='word_1_49' title='bbox 1075 1355 1141 1448; x_wconf 89' lang='lat' dir='ltr'>ipsi</span> 
     </span>
     <span class='ocr_line' id='line_1_9' title="bbox 115 1469 1141 1564; baseline 0.002 -24"><span class='ocrx_word' id='word_1_50' title='bbox 115 1469 272 1540; x_wconf 88' lang='lat' dir='ltr'>evitandi</span> <span class='ocrx_word' id='word_1_51' title='bbox 290 1470 457 1540; x_wconf 90' lang='lat' dir='ltr'>tumultus</span> <span class='ocrx_word' id='word_1_52' title='bbox 471 1491 596 1557; x_wconf 86' lang='lat' dir='ltr'>causa,</span> <span class='ocrx_word' id='word_1_53' title='bbox 615 1471 776 1542; x_wconf 91' lang='lat' dir='ltr'>absentes</span> <span class='ocrx_word' id='word_1_54' title='bbox 791 1493 837 1542; x_wconf 85' lang='lat' dir='ltr'>ex</span> <span class='ocrx_word' id='word_1_55' title='bbox 853 1471 981 1564; x_wconf 91' lang='lat' dir='ltr'>scripto</span> <span class='ocrx_word' id='word_1_56' title='bbox 1000 1493 1141 1544; x_wconf 89' lang='lat' dir='ltr'>causam</span> 
     </span>
     <span class='ocr_line' id='line_1_10' title="bbox 116 1589 1138 1678; baseline -0.001 -17"><span class='ocrx_word' id='word_1_57' title='bbox 116 1590 310 1676; x_wconf 81' lang='lat' dir='ltr'>dixissent,</span> <span class='ocrx_word' id='word_1_58' title='bbox 332 1598 367 1660; x_wconf 91' lang='lat' dir='ltr'>et</span> <span class='ocrx_word' id='word_1_59' title='bbox 390 1598 572 1660; x_wconf 90' lang='lat' dir='ltr'>accusator</span> <span class='ocrx_word' id='word_1_60' title='bbox 595 1598 630 1660; x_wconf 89' lang='lat' dir='ltr'>et</span> <span class='ocrx_word' id='word_1_61' title='bbox 655 1589 867 1661; x_wconf 90' lang='lat' dir='ltr'>accusatoris</span> <span class='ocrx_word' id='word_1_62' title='bbox 890 1589 1056 1678; x_wconf 90' lang='lat' dir='ltr'>ministri,</span> <span class='ocrx_word' id='word_1_63' title='bbox 1065 1643 1138 1660; x_wconf 87' lang='grc'><strong>.....</strong></span> 
     </span>
     <span class='ocr_line' id='line_1_11' title="bbox 115 1707 1142 1800; baseline 0 -20"><span class='ocrx_word' id='word_1_64' title='bbox 115 1709 280 1800; x_wconf 89' lang='lat' dir='ltr'>quamvis</span> <span class='ocrx_word' id='word_1_65' title='bbox 296 1707 434 1778; x_wconf 90' lang='lat' dir='ltr'>duabus</span> <span class='ocrx_word' id='word_1_66' title='bbox 453 1709 743 1800; x_wconf 76' lang='lat' dir='ltr'>appellationibus</span> <span class='ocrx_word' id='word_1_67' title='bbox 762 1709 919 1798; x_wconf 83' lang='lat' dir='ltr'>exclusi,</span> <span class='ocrx_word' id='word_1_68' title='bbox 937 1718 1053 1780; x_wconf 86' lang='lat' dir='ltr'>tamen</span> <span class='ocrx_word' id='word_1_69' title='bbox 1071 1717 1142 1780; x_wconf 92' lang='lat' dir='ltr'>ter-</span> 
     </span>
     <span class='ocr_line' id='line_1_12' title="bbox 117 1828 1141 1920; baseline 0.002 -22"><span class='ocrx_word' id='word_1_70' title='bbox 117 1829 165 1900; x_wconf 93' lang='lat' dir='ltr'>tio</span> <span class='ocrx_word' id='word_1_71' title='bbox 183 1828 342 1920; x_wconf 90' lang='lat' dir='ltr'>judicant</span> <span class='ocrx_word' id='word_1_72' title='bbox 357 1836 391 1898; x_wconf 90' lang='lat' dir='ltr'>et</span> <span class='ocrx_word' id='word_1_73' title='bbox 416 1829 659 1899; x_wconf 88' lang='lat' dir='ltr'>condemnant.</span> <span class='ocrx_word' id='word_1_74' title='bbox 685 1829 809 1900; x_wconf 89' lang='lat' dir='ltr'>Medici</span> <span class='ocrx_word' id='word_1_75' title='bbox 826 1851 896 1900; x_wconf 97' lang='lat' dir='ltr'>non</span> <span class='ocrx_word' id='word_1_76' title='bbox 915 1830 1047 1920; x_wconf 91' lang='lat' dir='ltr'>liquere</span> <span class='ocrx_word' id='word_1_77' title='bbox 1069 1850 1141 1900; x_wconf 92' lang='lat' dir='ltr'>res·</span> 
     </span>
     <span class='ocr_line' id='line_1_13' title="bbox 119 1947 1145 2042; baseline 0.003 -25"><span class='ocrx_word' id='word_1_78' title='bbox 119 1948 296 2042; x_wconf 89' lang='lat' dir='ltr'>pondent,</span> <span class='ocrx_word' id='word_1_79' title='bbox 323 1947 550 2037; x_wconf 88' lang='lat' dir='ltr'>jureconsulti</span> <span class='ocrx_word' id='word_1_80' title='bbox 584 1949 722 2020; x_wconf 87' lang='lat' dir='ltr'>scholas</span> <span class='ocrx_word' id='word_1_81' title='bbox 756 1949 882 2040; x_wconf 90' lang='lat' dir='ltr'>aperiri</span> <span class='ocrx_word' id='word_1_82' title='bbox 910 1950 1050 2039; x_wconf 82' lang='lat' dir='ltr'>jubent,</span> <span class='ocrx_word' id='word_1_83' title='bbox 1080 1969 1145 2020; x_wconf 94' lang='lat' dir='ltr'>nec</span> 
     </span>
     <span class='ocr_line' id='line_1_14' title="bbox 119 2066 1145 2162; baseline 0.003 -26"><span class='ocrx_word' id='word_1_84' title='bbox 119 2066 316 2158; x_wconf 89' lang='lat' dir='ltr'>quidquam</span> <span class='ocrx_word' id='word_1_85' title='bbox 332 2075 383 2136; x_wconf 86' lang='lat' dir='ltr'>tot</span> <span class='ocrx_word' id='word_1_86' title='bbox 401 2067 694 2159; x_wconf 88' lang='lat' dir='ltr'>appellationibus</span> <span class='ocrx_word' id='word_1_87' title='bbox 706 2068 917 2161; x_wconf 87' lang='lat' dir='ltr'>interpositis</span> <span class='ocrx_word' id='word_1_88' title='bbox 932 2069 1047 2140; x_wconf 92' lang='lat' dir='ltr'>adhuc</span> <span class='ocrx_word' id='word_1_89' title='bbox 1065 2091 1145 2162; x_wconf 90' lang='lat' dir='ltr'>pen·</span> 
     </span>
     <span class='ocr_line' id='line_1_15' title="bbox 119 2183 1144 2277; baseline 0.002 -23"><span class='ocrx_word' id='word_1_90' title='bbox 119 2183 285 2254; x_wconf 91' lang='lat' dir='ltr'>dentibus</span> <span class='ocrx_word' id='word_1_91' title='bbox 297 2183 698 2265; x_wconf 84' lang='lat' dir='ltr'>innovandumcensent.</span> <span class='ocrx_word' id='word_1_92' title='bbox 711 2184 824 2255; x_wconf 91' lang='lat' dir='ltr'>Primo</span> <span class='ocrx_word' id='word_1_93' title='bbox 838 2185 991 2277; x_wconf 87' lang='lat' dir='ltr'>theologi</span> <span class='ocrx_word' id='word_1_94' title='bbox 1002 2185 1144 2277; x_wconf 89' lang='lat' dir='ltr'>quidam</span> 
     </span>
     <span class='ocr_line' id='line_1_16' title="bbox 119 2302 1145 2391; baseline 0.002 -19"><span class='ocrx_word' id='word_1_95' title='bbox 119 2302 315 2372; x_wconf 86' lang='lat' dir='ltr'>accusatori</span> <span class='ocrx_word' id='word_1_96' title='bbox 339 2303 592 2391; x_wconf 78' lang='lat' dir='ltr'>assentiuntur3</span> <span class='ocrx_word' id='word_1_97' title='bbox 618 2303 743 2374; x_wconf 90' lang='lat' dir='ltr'>deinde</span> <span class='ocrx_word' id='word_1_98' title='bbox 767 2312 880 2376; x_wconf 91' lang='lat' dir='ltr'>tamen</span> <span class='ocrx_word' id='word_1_99' title='bbox 901 2303 946 2374; x_wconf 91' lang='lat' dir='ltr'>ad</span> <span class='ocrx_word' id='word_1_100' title='bbox 965 2304 1145 2375; x_wconf 91' lang='lat' dir='ltr'>consilium</span> 
     </span>
     <span class='ocr_line' id='line_1_17' title="bbox 120 2421 1147 2515; baseline 0 -23"><span class='ocrx_word' id='word_1_101' title='bbox 120 2421 336 2492; x_wconf 87' lang='lat' dir='ltr'>delectorum</span> <span class='ocrx_word' id='word_1_102' title='bbox 347 2421 525 2511; x_wconf 88' lang='lat' dir='ltr'>judicum,</span> <span class='ocrx_word' id='word_1_103' title='bbox 544 2422 604 2513; x_wconf 90' lang='lat' dir='ltr'>qui</span> <span class='ocrx_word' id='word_1_104' title='bbox 617 2423 764 2515; x_wconf 87' lang='lat' dir='ltr'>amplius</span> <span class='ocrx_word' id='word_1_105' title='bbox 780 2432 1013 2514; x_wconf 87' lang='lat' dir='ltr'>cognoscant,</span> <span class='ocrx_word' id='word_1_106' title='bbox 1031 2423 1147 2493; x_wconf 90' lang='lat' dir='ltr'>remit·</span> 
     </span>
    </p>
   </div>
   <div class='ocr_carea' id='block_1_3' title="bbox 13 2536 1147 2631">
    <p class='ocr_par' dir='ltr' id='par_1_3' title="bbox 13 2536 1147 2631">
     <span class='ocr_line' id='line_1_18' title="bbox 13 2536 1147 2631; baseline 0.003 -25"><span class='ocrx_word' id='word_1_107' title='bbox 13 2537 14 2556; x_wconf 62' lang='lat'><em>*</em></span> <span class='ocrx_word' id='word_1_108' title='bbox 122 2548 213 2607; x_wconf 92' lang='lat' dir='ltr'>tunt.</span> <span class='ocrx_word' id='word_1_109' title='bbox 235 2536 425 2630; x_wconf 83' lang='lat' dir='ltr'>Accusator</span> <span class='ocrx_word' id='word_1_110' title='bbox 444 2539 549 2630; x_wconf 91' lang='lat' dir='ltr'>igitur</span> <span class='ocrx_word' id='word_1_111' title='bbox 564 2549 635 2611; x_wconf 88' lang='lat' dir='ltr'>tam</span> <span class='ocrx_word' id='word_1_112' title='bbox 653 2540 859 2610; x_wconf 90' lang='lat' dir='ltr'>turbulentis</span> <span class='ocrx_word' id='word_1_113' title='bbox 877 2549 1017 2630; x_wconf 89' lang='lat' dir='ltr'>tamque</span> <span class='ocrx_word' id='word_1_114' title='bbox 1036 2540 1147 2631; x_wconf 92' lang='lat' dir='ltr'>impli-</span> 
     </span>
    </p>
   </div>
   <div class='ocr_carea' id='block_1_4' title="bbox 113 2657 1151 3584">
    <p class='ocr_par' dir='ltr' id='par_1_4' title="bbox 113 2657 1151 3584">
     <span class='ocr_line' id='line_1_19' title="bbox 123 2657 1148 2745; baseline 0.002 -19"><span class='ocrx_word' id='word_1_115' title='bbox 123 2657 213 2726; x_wconf 89' lang='lat' dir='ltr'>catis</span> <span class='ocrx_word' id='word_1_116' title='bbox 232 2657 408 2728; x_wconf 91' lang='lat' dir='ltr'>bominum</span> <span class='ocrx_word' id='word_1_117' title='bbox 427 2659 603 2730; x_wconf 89' lang='lat' dir='ltr'>sententiis</span> <span class='ocrx_word' id='word_1_118' title='bbox 626 2661 756 2745; x_wconf 90' lang='lat' dir='ltr'>elatus,</span> <span class='ocrx_word' id='word_1_119' title='bbox 784 2658 894 2728; x_wconf 88' lang='lat' dir='ltr'>tertiae</span> <span class='ocrx_word' id='word_1_120' title='bbox 918 2658 1148 2728; x_wconf 86' lang='lat' dir='ltr'>damnationis</span> 
     </span>
     <span class='ocr_line' id='line_1_20' title="bbox 125 2775 1150 2871; baseline -0.001 -22"><span class='ocrx_word' id='word_1_121' title='bbox 125 2775 343 2849; x_wconf 88' lang='lat' dir='ltr'>occasionem</span> <span class='ocrx_word' id='word_1_122' title='bbox 362 2777 506 2871; x_wconf 89' lang='lat' dir='ltr'>arripit:</span> <span class='ocrx_word' id='word_1_123' title='bbox 529 2800 549 2848; x_wconf 91' lang='lat' dir='ltr'>a</span> <span class='ocrx_word' id='word_1_124' title='bbox 576 2799 645 2870; x_wconf 93' lang='lat' dir='ltr'>qua</span> <span class='ocrx_word' id='word_1_125' title='bbox 674 2795 764 2847; x_wconf 89' lang='lat' dir='ltr'>cum</span> <span class='ocrx_word' id='word_1_126' title='bbox 781 2777 827 2848; x_wconf 93' lang='lat' dir='ltr'>ad</span> <span class='ocrx_word' id='word_1_127' title='bbox 846 2776 997 2848; x_wconf 92' lang='lat' dir='ltr'>delectos</span> <span class='ocrx_word' id='word_1_128' title='bbox 1013 2777 1150 2869; x_wconf 87' lang='lat' dir='ltr'>judices</span> 
     </span>
     <span class='ocr_line' id='line_1_21' title="bbox 124 2889 1151 2996; baseline -0.001 -29"><span class='ocrx_word' id='word_1_129' title='bbox 124 2897 320 2984; x_wconf 88' lang='lat' dir='ltr'>venissent,</span> <span class='ocrx_word' id='word_1_130' title='bbox 342 2896 475 2988; x_wconf 89' lang='lat' dir='ltr'>priores</span> <span class='ocrx_word' id='word_1_131' title='bbox 495 2889 742 2996; x_wconf 83' lang='lat' dir='ltr'>appellationes</span> <span class='ocrx_word' id='word_1_132' title='bbox 759 2897 867 2978; x_wconf 91' lang='lat' dir='ltr'>secuti</span> <span class='ocrx_word' id='word_1_133' title='bbox 886 2909 920 2968; x_wconf 90' lang='lat' dir='ltr'>et</span> <span class='ocrx_word' id='word_1_134' title='bbox 939 2897 1100 2991; x_wconf 89' lang='lat' dir='ltr'>discipuli</span> <span class='ocrx_word' id='word_1_135' title='bbox 1116 2905 1151 2968; x_wconf 91' lang='lat' dir='ltr'>et</span> 
     </span>
     <span class='ocr_line' id='line_1_22' title="bbox 113 3016 1149 3112; baseline 0.001 -27"><span class='ocrx_word' id='word_1_136' title='bbox 113 3016 284 3108; x_wconf 84' lang='lat' dir='ltr'>magistri</span> <span class='ocrx_word' id='word_1_137' title='bbox 305 3025 517 3108; x_wconf 87' lang='lat' dir='ltr'>provocant,</span> <span class='ocrx_word' id='word_1_138' title='bbox 545 3026 580 3089; x_wconf 91' lang='lat' dir='ltr'>et</span> <span class='ocrx_word' id='word_1_139' title='bbox 598 3027 722 3107; x_wconf 90' lang='lat' dir='ltr'>quarto</span> <span class='ocrx_word' id='word_1_140' title='bbox 737 3017 961 3112; x_wconf 86' lang='lat' dir='ltr'>supplicant,</span> <span class='ocrx_word' id='word_1_141' title='bbox 982 3039 1027 3087; x_wconf 92' lang='lat' dir='ltr'>ne</span> <span class='ocrx_word' id='word_1_142' title='bbox 1043 3038 1149 3088; x_wconf 89' lang='lat' dir='ltr'>accu-</span> 
     </span>
     <span class='ocr_line' id='line_1_23' title="bbox 118 3126 1150 3234; baseline -0.002 -30"><span class='ocrx_word' id='word_1_143' title='bbox 118 3126 307 3234; x_wconf 67' lang='lat' dir='ltr'>satorqui</span> <span class='ocrx_word' id='word_1_144' title='bbox 328 3132 423 3226; x_wconf 89' lang='lat' dir='ltr'>ipsos</span> <span class='ocrx_word' id='word_1_145' title='bbox 441 3134 543 3204; x_wconf 88' lang='lat' dir='ltr'>toties</span> <span class='ocrx_word' id='word_1_146' title='bbox 559 3141 594 3204; x_wconf 90' lang='lat' dir='ltr'>et</span> <span class='ocrx_word' id='word_1_147' title='bbox 616 3143 813 3204; x_wconf 89' lang='lat' dir='ltr'>accusasset</span> <span class='ocrx_word' id='word_1_148' title='bbox 834 3142 869 3202; x_wconf 89' lang='lat' dir='ltr'>et</span> <span class='ocrx_word' id='word_1_149' title='bbox 890 3141 959 3203; x_wconf 89' lang='lat' dir='ltr'>tam</span> <span class='ocrx_word' id='word_1_150' title='bbox 983 3132 1150 3205; x_wconf 89' lang='lat' dir='ltr'>iracunde</span> 
     </span>
     <span class='ocr_line' id='line_1_24' title="bbox 127 3253 1146 3346; baseline -0.004 -22"><span class='ocrx_word' id='word_1_151' title='bbox 127 3254 346 3341; x_wconf 84' lang='lat' dir='ltr'>damnasset,</span> <span class='ocrx_word' id='word_1_152' title='bbox 373 3261 408 3324; x_wconf 89' lang='lat' dir='ltr'>et</span> <span class='ocrx_word' id='word_1_153' title='bbox 425 3262 476 3323; x_wconf 90' lang='lat' dir='ltr'>tot</span> <span class='ocrx_word' id='word_1_154' title='bbox 494 3253 783 3346; x_wconf 91' lang='lat' dir='ltr'>appellationibus</span> <span class='ocrx_word' id='word_1_155' title='bbox 801 3253 956 3344; x_wconf 90' lang='lat' dir='ltr'>ipsorum</span> <span class='ocrx_word' id='word_1_156' title='bbox 979 3254 1146 3342; x_wconf 88' lang='lat' dir='ltr'>rejectus,</span> 
     </span>
     <span class='ocr_line' id='line_1_25' title="bbox 128 3369 1149 3466; baseline -0.002 -24"><span class='ocrx_word' id='word_1_157' title='bbox 128 3375 262 3442; x_wconf 93' lang='lat' dir='ltr'>nullum</span> <span class='ocrx_word' id='word_1_158' title='bbox 283 3372 348 3442; x_wconf 91' lang='lat' dir='ltr'>sibi</span> <span class='ocrx_word' id='word_1_159' title='bbox 368 3372 402 3441; x_wconf 93' lang='lat' dir='ltr'>in</span> <span class='ocrx_word' id='word_1_160' title='bbox 423 3393 527 3444; x_wconf 89' lang='lat' dir='ltr'>causa</span> <span class='ocrx_word' id='word_1_161' title='bbox 547 3373 703 3466; x_wconf 91' lang='lat' dir='ltr'>ipsorum</span> <span class='ocrx_word' id='word_1_162' title='bbox 718 3370 840 3462; x_wconf 86' lang='lat' dir='ltr'>judicii</span> <span class='ocrx_word' id='word_1_163' title='bbox 859 3373 974 3440; x_wconf 91' lang='lat' dir='ltr'>locum</span> <span class='ocrx_word' id='word_1_164' title='bbox 990 3369 1149 3460; x_wconf 89' lang='lat' dir='ltr'>reliquis·</span> 
     </span>
     <span class='ocr_line' id='line_1_26' title="bbox 129 3479 1151 3584; baseline 0 -24"><span class='ocrx_word' id='word_1_165' title='bbox 129 3501 201 3576; x_wconf 87' lang='lat' dir='ltr'>set,</span> <span class='ocrx_word' id='word_1_166' title='bbox 219 3491 254 3559; x_wconf 97' lang='lat' dir='ltr'>in</span> <span class='ocrx_word' id='word_1_167' title='bbox 265 3499 440 3583; x_wconf 88' lang='lat' dir='ltr'>posterum</span> <span class='ocrx_word' id='word_1_168' title='bbox 453 3491 498 3562; x_wconf 91' lang='lat' dir='ltr'>de</span> <span class='ocrx_word' id='word_1_169' title='bbox 511 3491 595 3584; x_wconf 90' lang='lat' dir='ltr'>ipsis</span> <span class='ocrx_word' id='word_1_170' title='bbox 603 3479 787 3580; x_wconf 86' lang='lat' dir='ltr'>judicaret.</span> <span class='ocrx_word' id='word_1_171' title='bbox 805 3489 906 3572; x_wconf 88' lang='lat' dir='ltr'>Quod</span> <span class='ocrx_word' id='word_1_172' title='bbox 920 3509 1029 3578; x_wconf 92' lang='lat' dir='ltr'>quum</span> <span class='ocrx_word' id='word_1_173' title='bbox 1043 3490 1151 3560; x_wconf 90' lang='lat' dir='ltr'>Ramo</span> 
     </span>
    </p>
   </div>
   <div class='ocr_carea' id='block_1_5' title="bbox 130 3767 1158 4416">
    <p class='ocr_par' dir='ltr' id='par_1_5' title="bbox 130 3767 1158 4416">
     <span class='ocr_line' id='line_1_27' title="bbox 130 3767 1155 3830; baseline -0.003 -13"><span class='ocrx_word' id='word_1_174' title='bbox 130 3769 332 3820; x_wconf 76' lang='lat' dir='ltr'>reformationem</span> <span class='ocrx_word' id='word_1_175' title='bbox 350 3767 531 3818; x_wconf 77' lang='lat' dir='ltr'>universitatis.</span> <span class='ocrx_word' id='word_1_176' title='bbox 555 3768 645 3818; x_wconf 87' lang='lat' dir='ltr'>Contra</span> <span class='ocrx_word' id='word_1_177' title='bbox 665 3773 789 3818; x_wconf 78' lang='lat' dir='ltr'>asserente</span> <span class='ocrx_word' id='word_1_178' title='bbox 812 3767 889 3818; x_wconf 79' lang='lat' dir='ltr'>[tamo</span> <span class='ocrx_word' id='word_1_179' title='bbox 911 3768 1057 3830; x_wconf 81' lang='lat' dir='ltr'>eloquentia</span> <span class='ocrx_word' id='word_1_180' title='bbox 1072 3767 1155 3816; x_wconf 86' lang='lat' dir='ltr'>studia</span> 
     </span>
     <span class='ocr_line' id='line_1_28' title="bbox 130 3851 1153 3914; baseline -0.005 -12"><span class='ocrx_word' id='word_1_181' title='bbox 130 3852 207 3902; x_wconf 86' lang='lat' dir='ltr'>simul</span> <span class='ocrx_word' id='word_1_182' title='bbox 221 3863 280 3900; x_wconf 90' lang='lat' dir='ltr'>cum</span> <span class='ocrx_word' id='word_1_183' title='bbox 298 3851 452 3914; x_wconf 86' lang='lat' dir='ltr'>philosophia</span> <span class='ocrx_word' id='word_1_184' title='bbox 463 3863 517 3902; x_wconf 85' lang='lat' dir='ltr'>esse</span> <span class='ocrx_word' id='word_1_185' title='bbox 532 3852 720 3913; x_wconf 60' lang='lat' dir='ltr'>conjungendas</span> <span class='ocrx_word' id='word_1_186' title='bbox 736 3852 839 3902; x_wconf 84' lang='lat' dir='ltr'>tandem</span> <span class='ocrx_word' id='word_1_187' title='bbox 849 3856 946 3914; x_wconf 88' lang='lat' dir='ltr'>propter</span> <span class='ocrx_word' id='word_1_188' title='bbox 959 3851 1097 3902; x_wconf 89' lang='lat' dir='ltr'>tumultum</span> <span class='ocrx_word' id='word_1_189' title='bbox 1111 3851 1153 3910; x_wconf 90' lang='lat' dir='ltr'>qui</span> 
     </span>
     <span class='ocr_line' id='line_1_29' title="bbox 131 3933 1155 3998; baseline -0.006 -12"><span class='ocrx_word' id='word_1_190' title='bbox 131 3939 198 3986; x_wconf 82' lang='lat' dir='ltr'>certe</span> <span class='ocrx_word' id='word_1_191' title='bbox 209 3937 297 3985; x_wconf 81' lang='lat' dir='ltr'>exoriri</span> <span class='ocrx_word' id='word_1_192' title='bbox 312 3935 453 3996; x_wconf 81' lang='lat' dir='ltr'>ridebatur,</span> <span class='ocrx_word' id='word_1_193' title='bbox 470 3941 495 3984; x_wconf 92' lang='lat' dir='ltr'>et</span> <span class='ocrx_word' id='word_1_194' title='bbox 515 3937 695 3998; x_wconf 86' lang='lat' dir='ltr'>propemodum</span> <span class='ocrx_word' id='word_1_195' title='bbox 711 3935 743 3984; x_wconf 93' lang='lat' dir='ltr'>ad</span> <span class='ocrx_word' id='word_1_196' title='bbox 762 3938 841 3985; x_wconf 85' lang='lat' dir='ltr'>rixam</span> <span class='ocrx_word' id='word_1_197' title='bbox 860 3939 986 3998; x_wconf 86' lang='lat' dir='ltr'>spectare,</span> <span class='ocrx_word' id='word_1_198' title='bbox 1010 3933 1155 3983; x_wconf 84' lang='lat' dir='ltr'>conclusum</span> 
     </span>
     <span class='ocr_line' id='line_1_30' title="bbox 132 4014 1156 4080; baseline -0.007 -11"><span class='ocrx_word' id='word_1_199' title='bbox 132 4021 179 4069; x_wconf 90' lang='lat' dir='ltr'>tuit</span> <span class='ocrx_word' id='word_1_200' title='bbox 196 4019 264 4080; x_wconf 90' lang='lat' dir='ltr'>quod</span> <span class='ocrx_word' id='word_1_201' title='bbox 278 4019 309 4068; x_wconf 91' lang='lat' dir='ltr'>de</span> <span class='ocrx_word' id='word_1_202' title='bbox 323 4031 352 4069; x_wconf 89' lang='lat' dir='ltr'>ea</span> <span class='ocrx_word' id='word_1_203' title='bbox 367 4021 533 4068; x_wconf 86' lang='lat' dir='ltr'>controuersia</span> <span class='ocrx_word' id='word_1_204' title='bbox 546 4031 589 4069; x_wconf 84' lang='lat' dir='ltr'>sex</span> <span class='ocrx_word' id='word_1_205' title='bbox 608 4033 622 4068; x_wconf 91' lang='lat' dir='ltr'>a</span> <span class='ocrx_word' id='word_1_206' title='bbox 640 4019 744 4080; x_wconf 84' lang='lat' dir='ltr'>singulis</span> <span class='ocrx_word' id='word_1_207' title='bbox 755 4018 912 4069; x_wconf 77' lang='lat' dir='ltr'>facultatibus</span> <span class='ocrx_word' id='word_1_208' title='bbox 928 4018 1036 4079; x_wconf 86' lang='lat' dir='ltr'>deputati</span> <span class='ocrx_word' id='word_1_209' title='bbox 1056 4014 1156 4074; x_wconf 84' lang='lat' dir='ltr'>jndice-</span> 
     </span>
     <span class='ocr_line' id='line_1_31' title="bbox 132 4097 1157 4164; baseline -0.007 -12"><span class='ocrx_word' id='word_1_210' title='bbox 132 4108 201 4161; x_wconf 89' lang='lat' dir='ltr'>rent,</span> <span class='ocrx_word' id='word_1_211' title='bbox 212 4106 285 4152; x_wconf 82' lang='lat' dir='ltr'>cte.»</span> <span class='ocrx_word' id='word_1_212' title='bbox 303 4101 491 4164; x_wconf 83' lang='lat' dir='ltr'>Carpeutarius.</span> <span class='ocrx_word' id='word_1_213' title='bbox 514 4107 543 4151; x_wconf 93' lang='lat' dir='ltr'>ut</span> <span class='ocrx_word' id='word_1_214' title='bbox 561 4101 679 4163; x_wconf 83' lang='lat' dir='ltr'>theologis</span> <span class='ocrx_word' id='word_1_215' title='bbox 698 4102 816 4164; x_wconf 89' lang='lat' dir='ltr'>placeret,</span> <span class='ocrx_word' id='word_1_216' title='bbox 838 4101 944 4149; x_wconf 81' lang='lat' dir='ltr'>Remum</span> <span class='ocrx_word' id='word_1_217' title='bbox 966 4097 1157 4146; x_wconf 80' lang='lat' dir='ltr'>Academicum</span> 
     </span>
     <span class='ocr_line' id='line_1_32' title="bbox 133 4183 1157 4247; baseline -0.005 -13"><span class='ocrx_word' id='word_1_218' title='bbox 133 4186 290 4243; x_wconf 85' lang='lat' dir='ltr'>nominabat,</span> <span class='ocrx_word' id='word_1_219' title='bbox 311 4197 420 4247; x_wconf 89' lang='lat' dir='ltr'>eumque</span> <span class='ocrx_word' id='word_1_220' title='bbox 433 4185 577 4234; x_wconf 84' lang='lat' dir='ltr'>diuinarum</span> <span class='ocrx_word' id='word_1_221' title='bbox 594 4199 678 4235; x_wconf 89' lang='lat' dir='ltr'>rerum</span> <span class='ocrx_word' id='word_1_222' title='bbox 695 4185 791 4234; x_wconf 90' lang='lat' dir='ltr'>bostem</span> <span class='ocrx_word' id='word_1_223' title='bbox 808 4189 833 4232; x_wconf 93' lang='lat' dir='ltr'>et</span> <span class='ocrx_word' id='word_1_224' title='bbox 843 4184 974 4231; x_wconf 88' lang='lat' dir='ltr'>inimicum</span> <span class='ocrx_word' id='word_1_225' title='bbox 987 4193 1040 4229; x_wconf 82' lang='lat' dir='ltr'>esse</span> <span class='ocrx_word' id='word_1_226' title='bbox 1052 4183 1157 4230; x_wconf 89' lang='lat' dir='ltr'>conteu-</span> 
     </span>
     <span class='ocr_line' id='line_1_33' title="bbox 131 4263 1158 4331; baseline -0.006 -11"><span class='ocrx_word' id='word_1_227' title='bbox 131 4270 219 4329; x_wconf 84' lang='lat' dir='ltr'>debat,</span> <span class='ocrx_word' id='word_1_228' title='bbox 230 4272 272 4331; x_wconf 89' lang='lat' dir='ltr'>qui</span> <span class='ocrx_word' id='word_1_229' title='bbox 293 4269 400 4320; x_wconf 85' lang='lat' dir='ltr'>lubricos</span> <span class='ocrx_word' id='word_1_230' title='bbox 413 4270 463 4319; x_wconf 83' lang='lat' dir='ltr'>dlvi</span> <span class='ocrx_word' id='word_1_231' title='bbox 483 4271 612 4331; x_wconf 76' lang='lat' dir='ltr'>Augustini</span> <span class='ocrx_word' id='word_1_232' title='bbox 626 4269 691 4318; x_wconf 87' lang='lat' dir='ltr'>locos</span> <span class='ocrx_word' id='word_1_233' title='bbox 702 4267 754 4315; x_wconf 90' lang='lat' dir='ltr'>suis</span> <span class='ocrx_word' id='word_1_234' title='bbox 764 4265 918 4314; x_wconf 87' lang='lat' dir='ltr'>auditoribus</span> <span class='ocrx_word' id='word_1_235' title='bbox 927 4265 958 4313; x_wconf 90' lang='lat' dir='ltr'>ad</span> <span class='ocrx_word' id='word_1_236' title='bbox 972 4263 1124 4315; x_wconf 73' lang='lat' dir='ltr'>effrenatam</span> <span class='ocrx_word' id='word_1_237' title='bbox 1134 4269 1158 4316; x_wconf 89' lang='lat' dir='ltr'>at</span> 
     </span>
     <span class='ocr_line' id='line_1_34' title="bbox 135 4346 1067 4416; baseline -0.006 -14"><span class='ocrx_word' id='word_1_238' title='bbox 135 4355 238 4416; x_wconf 86' lang='lat' dir='ltr'>turpiam</span> <span class='ocrx_word' id='word_1_239' title='bbox 250 4353 389 4403; x_wconf 86' lang='lat' dir='ltr'>libertatern</span> <span class='ocrx_word' id='word_1_240' title='bbox 401 4357 557 4415; x_wconf 88' lang='lat' dir='ltr'>proponeret.</span> <span class='ocrx_word' id='word_1_241' title='bbox 573 4351 629 4400; x_wconf 74' lang='lat' dir='ltr'>itu.</span> <span class='ocrx_word' id='word_1_242' title='bbox 642 4351 708 4400; x_wconf 84' lang='lat' dir='ltr'>Orat.</span> <span class='ocrx_word' id='word_1_243' title='bbox 721 4348 791 4399; x_wconf 80' lang='lat' dir='ltr'>lierni</span> <span class='ocrx_word' id='word_1_244' title='bbox 801 4361 845 4411; x_wconf 90' lang='lat' dir='ltr'>pro</span> <span class='ocrx_word' id='word_1_245' title='bbox 856 4346 1067 4411; x_wconf 73' lang='lat' dir='ltr'>phitdisciplinn.</span> 
     </span>
    </p>
   </div>
   <div class='ocr_carea' id='block_1_6' title="bbox 0 0 1492 5062">
    <p class='ocr_par' dir='ltr' id='par_1_6' title="bbox 0 0 1492 5062">
     <span class='ocr_line' id='line_1_35' title="bbox 0 0 1492 5062; baseline 0 0"><span class='ocrx_word' id='word_1_246' title='bbox 0 0 1492 5062; x_wconf 95' lang='lat' dir='ltr'> </span> 
     </span>
    </p>
   </div>
  </div>
 </body>
</html>
