2916 5062
545 403 736 473 ..97-

161 565 288 656 'Hujus
310 584 394 634 vero
415 565 477 654 qui
497 555 601 634 animi
627 585 742 635 mores
764 566 990 658 corporisque
1013 565 1151 639 habitus

129 684 275 772 suerint,
301 704 357 754 res
380 683 531 775 postulat
554 692 591 752 ut
613 703 659 754 ex
677 683 864 776 Theophilo
884 685 1051 772 hanonie,
1076 688 1151 778 ejus

129 801 321 894 discipulo,
338 809 548 898 repetamus.
571 800 626 871 Sic
647 809 763 872 autem
778 801 837 874 ilie
855 803 890 872 in
909 803 945 872 P.
967 805 1063 874 iiami
1081 806 1151 877 vita

130 925 182 1015 (p.
206 918 348 1014 i6·t9):

182 1062 202 1106 u
220 1037 383 1131 Corporis
399 1046 530 1108 statura
551 1039 614 1108 suit
629 1039 788 1130 grandis,
809 1041 1000 1131 aequabiiis·
1015 1054 1050 1113 et
1073 1065 1152 1116 vere

131 1156 290 1240 heroica,
315 1156 413 1227 vultu
435 1177 570 1250 semper
596 1158 642 1230 ad
669 1161 795 1229 coelum
815 1169 948 1246 erecto,
975 1183 1152 1252 generosae

131 1283 268 1346 naturae
282 1274 422 1345 minime
439 1275 595 1356 dissimili
613 1287 648 1346 et
665 1276 917 1368 pulcherrimo;
938 1278 1008 1348 oris
1027 1299 1154 1348 venus-

130 1402 186 1464 tas
202 1412 271 1463 non
287 1392 463 1486 vulgaris3
478 1393 588 1482 vocis,
604 1403 732 1482 moins,
752 1394 911 1483 laterum,
933 1395 1151 1488 pectorisque

130 1533 258 1604 magne
282 1513 451 1605 elegantia
475 1516 540 1603 (i).
564 1513 682 1583 Victus
709 1514 796 1584 ratio
814 1523 888 1586 eret
905 1514 1060 1585 carnium
1085 1516 1155 1607 pie·

131 1651 280 1723 rumque
294 1632 464 1704 elixarum
477 1659 487 1719 ;
504 1631 642 1724 parcius
658 1631 693 1701 in
708 1631 862 1725 prandio·
871 1642 1012 1727 propter
1026 1632 1151 1705 diurna

131 1749 265 1840 studia,
286 1750 417 1842 largius
434 1750 469 1820 in
491 1769 591 1822 coena
616 1750 847 1822 vescebatur:
871 1772 892 1822 a
909 1773 979 1843 qua
1002 1773 1063 1844 per
1084 1760 1153 1822 tres

129 1868 235 1940 horas
251 1868 496 1940 deambulabat
515 1878 648 1940 etcum
668 1869 787 1954 amicis
806 1869 958 1941 hilariter
979 1871 1152 1962 celioque-

128 1984 233 2056 batur
256 1987 320 2076 (2).
346 1983 436 2056 Ante
456 1965 666 2078 gallicinium
685 2007 820 2078 semper
845 1987 1028 2078 surgebat,
1051 1996 1085 2059 et
1101 1999 1152 2060 to·

129 2113 203 2174 tum
221 2103 312 2176 diem
332 2104 516 2177 scribendo
531 2101 605 2199 (3),
627 2105 774 2196 legendo
795 2114 829 2176 et
847 2106 1046 2180 meditando
1067 2127 1150 2178 con·

129 2222 288 2294 sumebat
316 2220 386 2319 (i).
420 2223 554 2294 Patiens
584 2223 646 2293 luit
676 2223 804 2294 laboris
836 2227 903 2316 (5),
933 2234 968 2306 el
996 2225 1151 2297 discendi

129 2340 254 2414 avidus
268 2367 276 2410 ι
293 2341 419 2424 etenim
437 2362 508 2412 non
523 2341 751 2413 erubescebat
770 2363 791 2412 a
809 2343 1011 2414 doctoribus
1026 2353 1061 2414 et
1078 2344 1149 2415 dis·

128 2459 253 2553 cipulis
263 2459 371 2530 multa
387 2459 508 2532 indies
524 2481 695 2551 quaerere,
712 2470 747 2530 et
759 2461 873 2534 laudis
889 2463 1009 2532 aculeo
1025 2483 1151 2555 propo-

126 2578 195 2650 sito
225 2579 272 2650 ad
305 2579 464 2658 virtutem
493 2598 614 2650 omnes
641 2577 900 2658 cohortabatur.
931 2578 1150 2671 Voluptatem

126 2708 294 2789 tanquam
311 2700 482 2770 melorum
500 2698 655 2769 omniurn
676 2719 810 2784 escam,
829 2706 864 2768 ot
884 2697 1083 2791 reipublicae
1107 2699 1149 2768 li-

126 2817 265 2888 ierariae
289 2827 418 2909 pestem
450 2818 615 2909 fugiebat.
653 2817 762 2888 Nocte
789 2815 1019 2888 decumbebat
1045 2839 1149 2913 super

126 2935 314 3005 stramine:
335 2937 472 3028 plumas
490 2936 523 3005 in
538 2938 628 3007 lecto
647 2935 749 3014 etlam
768 2957 912 3029 peregre
930 2935 1151 3030 proficiscens

128 3055 218 3124 ferre
232 3075 303 3124 non
319 3048 454 3148 poterat
465 3051 535 3150 (6).
555 3052 753 3125 Abstemius
767 3054 829 3124 init
842 3052 964 3145 viginti
978 3077 1149 3135 annorum

125 3255 242 3306 comuiio
251 3258 464 3321 pretermisimus.
477 3257 559 3319 Quam
568 3256 712 3318 diligentius
727 3261 907 3310 enarraverunt
917 3255 1052 3320 Βιιιοιιιιι,
1063 3273 1089 3322 p.
1101 3262 1148 3317 ³5.

126 3351 156 3392 ac
169 3341 304 3404 pmcnim
315 3340 462 3402 Naucelins,
471 3354 495 3404 p.
507 3343 550 3403 ii,
562 3352 587 3404 p.
596 3343 684 3400 2⁹·iii,
694 3353 720 3404 p.
731 3343 771 3400 it,
782 3343 820 3392 iii.
832 3339 870 3390 iii.
882 3327 1152 3401 mercinensium

127 3423 172 3474 das
181 3423 239 3486 pius
248 3422 327 3473 belles
337 3423 520 3486 bibliotheque
530 3423 661 3488 pubiiqucs
672 3427 698 3480 ci
711 3424 814 3486 partic..
831 3427 890 3483 ete..
903 3425 968 3486 pari.
982 3420 1017 3483 ΙΙ,
1030 3433 1084 3484 cap.
1103 3423 1148 3478 ii.

126 3519 151 3570 P·
167 3508 213 3558 ⁵⁰⁶
225 3518 281 3570 sqq.

156 3589 194 3654 (ι)
210 3589 248 3639 Gi.
259 3590 370 3645 hancei..
383 3604 409 3654 p.
419 3595 459 3652 ii,
471 3596 517 3650 ii,
527 3595 572 3652 ως
584 3593 674 3654 areg„
688 3604 713 3655 p.
725 3593 755 3651 ῦς
765 3588 853 3641 leuch.
866 3590 900 3642 du
912 3589 1009 3654 Belial,
1022 3588 1148 3641 Petroma-

125 3673 198 3736 chie;
209 3673 346 3736 brantern⁸¹
361 3675 480 3726 hommes
493 3676 540 3739 ill..
555 3676 615 3726 disc.
627 3679 668 3727 oo.

157 3755 192 3820 (tl
209 3756 244 3807 be
254 3756 326 3808 lierni
336 3760 403 3809 ricto
415 3758 470 3812 rid.
479 3759 581 3809 hancei.
589 3757 627 3822 (p.
639 3762 679 3822 49,
691 3757 741 3821 bi),
751 3759 794 3821 qui
806 3757 1059 3821 quotidianumiiami
1070 3769 1146 3823 pran-

126 3838 198 3895 dium
208 3852 355 3904 cenamque
363 3840 444 3892 iustus
453 3841 590 3905 descripsit.

133 3923 135 3929 '
156 3922 193 3988 (³)
209 3925 321 3984 hancei..
332 3938 356 3990 p
369 3929 400 3976 50
410 3961 416 3985 .
428 3929 456 3976 oi
471 3944 477 3975 ι
492 3925 623 3976 «Pessime
636 3925 760 3989 pingebat.
778 3943 790 3970 r
800 3923 838 3984 ci,
849 3925 950 3987 scalig,
960 3925 979 3974 i.
995 3937 1017 3978 r.

156 4006 193 4072 (i)
208 4008 246 4060 Gi.
258 4008 371 4068 hancei..
381 4011 453 4073 priii
462 4021 516 4072 sqq.

156 4093 192 4152 (sl
208 4090 246 4141 oi.
257 4091 374 4152 hancei„
383 4105 410 4156 p.
424 4096 465 4148 62.

155 4172 190 4237 (ιι)
206 4173 243 4224 ci.
258 4174 351 4227 Theod.
369 4175 494 4237 zuinger„
508 4175 555 4224 Th.
572 4174 644 4225 hum.
657 4177 731 4236 rite,
744 4173 793 4222 voi.
810 4172 845 4232 ii,
860 4172 878 4228 i,
893 4171 926 4233 V,
937 4183 963 4233 p,
980 4173 1039 4227 titi.
1055 4170 1103 4220 cei.
1117 4169 1148 4230 b;

126 4258 215 4319 Filius.
226 4270 252 4321 p.
266 4261 311 4320 δός
322 4258 434 4321 Naresh,
446 4271 471 4321 p.
485 4261 524 4307 bi.
