2912 5066
532 403 746 480 -ttl-

117 568 352 658 tioribusque
370 563 584 658 philosophis
598 587 689 634 nunc
706 565 900 658 amplietur,
919 586 1011 636 nunc
1026 574 1160 636 contra-

120 687 250 774 hatur,
265 705 343 756 eam
355 684 447 755 idem
463 682 662 753 Gassendus
674 703 736 775 per
747 683 867 772 jocum
882 706 900 748 «
912 680 1160 754 tunae'simitem

122 827 209 874 esse
224 803 292 889 ait,
312 823 392 892 quae
409 801 599 903 increscere
616 808 650 869 et
672 800 872 870 decrescere
889 821 1068 891 nunquam
1084 823 1159 872 ces-

124 931 186 992 set
203 918 274 1014 (l).
299 943 317 985 a
346 917 414 988 Sed
439 916 483 986 de
506 916 696 987 dialecticae
717 917 858 987 nemine
884 925 989 1007 atque
1017 917 1160 988 materia

128 1039 230 1109 satis.
248 1037 300 1106 Sit
312 1031 416 1126 igitur
436 1034 548 1124 logica
563 1055 625 1104 seu
638 1034 840 1122 dialectica,
861 1017 899 1104 ut
915 1044 1035 1106 nostro
1051 1035 1163 1128 philo·

128 1155 248 1250 sopho
259 1156 383 1247 placet,
396 1174 453 1223 ars
463 1152 653 1223 disserendi
664 1153 985 1225 siveratiocinandi.
999 1154 1161 1224 Proxima

132 1273 287 1366 quaestio
303 1281 354 1343 est
371 1273 414 1342 de
431 1270 627 1343 dialecticae
640 1271 822 1343 divisione.

183 1391 278 1460 Duas
296 1411 370 1460 esse
386 1389 575 1461 dialecticae
592 1397 707 1480 partes
723 1389 852 1457 Remus
873 1387 1017 1456 asserit:
1037 1387 1159 1458 inven·
1169 1485 1187 1491 ἦ

134 1509 265 1580 tionem
286 1509 456 1601 primum,
476 1528 557 1598 quae
575 1515 744 1578 monstrat
758 1507 856 1577 locos
870 1505 962 1578 unde
980 1513 1161 1578 sumantur

134 1637 361 1717 argumenta,
381 1627 507 1699 deinde
521 1626 711 1716 judicium,
740 1646 811 1716 quc
834 1633 1037 1714 argumenta
1055 1625 1164 1696 collo-

135 1756 258 1817 centur
275 1769 316 1816 ac
337 1747 590 1838 disponantur:
617 1744 709 1816 unde
736 1753 771 1814 et
795 1743 975 1835 dispositio
999 1753 1156 1815 vocatur.

136 1863 251 1955 Atque
270 1864 345 1935 haec
363 1863 503 1955 quidem
525 1862 715 1934 dialecticae
740 1861 898 1954 partitio,
927 1883 947 1932 a
965 1862 1104 1934 Platone
1124 1864 1158 1932 in

136 1981 302 2069 Phaedro,
319 1993 354 2052 et
369 1983 414 2053 ab
434 1979 616 2052 Aristotele
632 1981 708 2072 ipso
723 1983 777 2070 (2)
795 1978 968 2068 indicata,
991 1982 1086 2074 apud
1103 1981 1160 2052 Ci-

138 2123 297 2171 ceronem
307 2110 340 2171 et
348 2101 595 2184 Quintilianum
612 2120 675 2191 pro
692 2120 773 2170 vera
787 2109 821 2170 et
825 2101 920 2190 justa
930 2101 1077 2171 habetur
1085 2099 1157 2198 (3)

91 2215 93 2218 ’
137 2217 202 2288 Sed
216 2239 325 2308 quum
338 2218 373 2288 in
387 2218 483 2294 Rami
498 2217 691 2304 dialectica,
700 2217 852 2290 inventio
864 2239 933 2288 non
948 2218 984 2288 in
997 2220 1157 2313 syllogis-

137 2337 201 2406 mis
219 2336 283 2407 sed
307 2337 423 2429 potius
446 2337 481 2405 in
501 2335 714 2428 simplicibus
739 2335 826 2405 ideis
845 2345 1017 2424 versetur,
1035 2337 1157 2428 judicii

137 2463 251 2524 autem
264 2464 378 2548 partes
391 2455 459 2526 sint
470 2454 679 2540 enuntiatio,
698 2453 938 2548 syllogismus,
957 2453 1153 2542 methodus,

136 2571 212 2642 haec
234 2593 316 2643 vere
344 2573 471 2666 Remea
495 2571 757 2665 quadripartitae
783 2570 907 2660 logicae
933 2570 1058 2641 divisio
1080 2593 1158 2644 esse

135 2690 219 2760 mihi
241 2690 402 2761 videtur:
433 2691 638 2783 praeclarum
663 2698 755 2760 certe
773 2688 887 2760 laudis
903 2698 1026 2782 caput,
1046 2711 1157 2782 quum

134 2829 210 2878 earn
224 2809 421 2880 Gassendus
434 2817 468 2880 et
483 2807 577 2878 Artis
593 2807 767 2899 cogitandi
783 2815 943 2879 auctores
959 2809 1067 2879 secuti
1085 2811 1157 2882 lue-

134 2927 202 2997 rint
222 2925 299 3022 (l),
316 2949 463 3019 eamque
480 2949 596 2997 rerum
614 2927 749 2999 veritati
764 2927 1061 3000 accommodatam
1081 2951 1158 3000 esse

135 3045 313 3115 latendum
328 3045 390 3131 sit,
412 3044 582 3136 siquidem
600 3045 780 3116 dialectica
802 3066 859 3116 ars
877 3045 1069 3117 disserendi
1093 3069 1155 3117 seu

135 3163 363 3234 ratiocinandi
378 3163 512 3235 definiri
532 3163 703 3238 debuerit.
725 3165 799 3234 Hoc
814 3171 929 3260 tamen
945 3163 980 3231 in
996 3165 1105 3234 Rama
1122 3175 1157 3234 et

135 3282 256 3352 ceteris
275 3281 396 3373 logicis
419 3281 479 3372 qui
497 3281 619 3354 eadem
640 3281 811 3382 divisione
837 3281 960 3370 logicae
981 3281 1034 3351 usi
1054 3292 1153 3369 sunt,

165 3586 202 3640 (t)
214 3581 349 3644 descend,
364 3583 398 3634 ue
409 3582 456 3645 lug.
468 3583 533 3644 fine,
544 3597 567 3632 c.
580 3582 648 3633 cilo.

165 3661 199 3726 (tl
217 3663 317 3726 llnalyt.
329 3665 414 3726 prior..
430 3665 447 3714 l.
460 3664 479 3724 l,
494 3679 517 3715 c.
528 3669 573 3725 ³³3
591 3665 685 3728 topic..
698 3665 714 3714 l.
727 3663 794 3727 lllll,
807 3678 830 3714 c.
847 3673 870 3722 t;
884 3663 968 3727 lllret„
978 3665 996 3715 l.
1011 3664 1052 3726 lll,
1064 3677 1088 3716 c.
1101 3671 1122 3716 t.

164 3749 201 3803 (3)
218 3745 307 3806 dicar..
318 3747 409 3810 nopes
418 3748 449 3796 ad
461 3747 571 3809 Trebel,
583 3761 605 3798 c.
615 3750 646 3799 2:
661 3748 768 3810 «Quum
779 3750 862 3799 omnis
879 3750 942 3798 ratio
957 3749 1064 3811 diligens
1074 3749 1156 3800 disse·

133 3829 203 3878 rendi
212 3829 275 3879 duas
284 3831 375 3880 habeat
385 3835 478 3894 partes,
492 3845 569 3899 unam
579 3833 720 3882 inveniendi
731 3833 852 3893 ,alteram
862 3833 1020 3894 judicandi.»

163 3912 199 3976 (t)
215 3913 273 3963 llaec
290 3917 357 3964 anim
377 3919 414 3964 est
424 3915 506 3976 logica
517 3916 583 3978 apud
597 3915 753 3967 Gassendum
765 3921 790 3967 et
809 3919 833 3966 io
845 3916 904 3965 Arte
917 3915 1039 3977 cogitandi
1054 3916 1152 3967 divisio.
1205 3901 1209 3910 ’

132 3992 274 4044 (lassandus
287 4000 396 4057 quatuor
406 3996 490 4057 logicae
500 4001 581 4060 partes
592 4000 721 4047 instituit:
740 3998 775 4046 lle
791 3998 896 4059 simplici
916 3997 1104 4056 imaginatione,
1122 3997 1152 4045 de

97 4124 101 4132 ,
131 4079 311 4138 propositione,
330 4079 361 4128 da
373 4079 527 4142 syllogismo,
548 4079 579 4129 do
596 4080 718 4130 methodo.
740 4079 849 4139 Quatucr
863 4081 939 4127 etiam
957 4077 1106 4138 easdemque
1126 4081 1152 4126 in

131 4158 190 4207 Arta
199 4159 320 4220 cogitandi
330 4165 411 4224 partes
425 4163 532 4224 reperias
545 4181 550 4210 ι
564 4162 646 4220 ideas,
666 4162 870 4224 propositionem,
893 4159 1065 4221 syllogismum
1076 4173 1153 4219 ,ms-

129 4241 243 4291 thodurn.
