2912 5066
680 375 899 446 -ttdm

281 545 396 614 autern
423 535 640 628 potissimum
666 535 702 606 in
729 532 914 606 Aristotele
936 543 971 606 et
988 535 1202 610 scholasticis
1218 535 1298 608 doc·

280 655 416 727 torihns
429 653 706 746 reprehenderit,
724 675 771 724 ex
783 650 1153 726 Animadversinnihns
1166 652 1300 725 Aristo-

282 773 389 844 telicis
404 781 439 842 et
455 773 588 843 Scholis
604 770 793 844 dialecticis
811 771 911 842 facile
929 771 1113 862 colligitur.

329 889 370 963 ld
389 889 504 982 operis
525 889 654 962 Remus
674 896 755 960 ante
770 887 887 959 omnia
905 888 971 958 sihi
988 889 1101 958 visum
1117 888 1224 959 fuisse
1244 891 1306 961 de·

281 1008 408 1094 clarat,
441 1014 479 1078 nt
507 1004 704 1080 Academiae
734 1004 916 1078 Parisiensi
941 1005 1136 1076 scholastici
1167 1007 1301 1095 morbi,

282 1145 354 1216 quo
375 1125 434 1201 illa
449 1124 601 1197 maxime
618 1123 809 1213 laboraret,
827 1122 1035 1198 medicinam
1056 1123 1209 1211 afferret,
1224 1123 1306 1216 phi-

283 1243 548 1336 losophiamque
564 1252 600 1318 et
620 1243 732 1314 bonas
749 1250 841 1314 artes
861 1243 908 1312 ab
930 1242 1120 1314 inveterato
1142 1241 1309 1314 servitute

286 1363 459 1439 liberaret.
495 1361 608 1436 Prima
641 1361 760 1452 itaque
788 1382 872 1432 cora
902 1360 968 1431 init
983 1360 1024 1430 in
1053 1381 1132 1430 eum
1160 1361 1304 1448 invehi,

287 1483 388 1574 cnjus
407 1481 573 1556 inviolato
595 1479 800 1554 anctoritate
821 1479 898 1550 ireti
923 1479 1119 1549 scholastici
1143 1479 1309 1571 sophistes
1446 1475 1447 1536 l

289 1623 427 1688 omnem
457 1599 679 1676 scientiarum
710 1598 992 1686 instaurationem
1025 1597 1156 1668 diutius
1189 1597 1309 1691 prohi-

289 1720 456 1798 buissent.
474 1719 561 1790 Hine
577 1716 807 1788 audacissima
823 1717 881 1787 illa
897 1716 1005 1787 thesis
1023 1717 1069 1787 ad
1084 1716 1309 1788 obtinendum
1446 1795 1447 1798 Ἴ

290 1833 528 1926 magisterium
554 1855 575 1904 a
600 1833 709 1906 Remo
733 1833 939 1927 proposita;
972 1833 1053 1904 hinc
1084 1831 1312 1904 Aristotelicas

292 1953 610 2032 animadversiones
631 1960 665 2023 ct
682 1951 818 2022 Scholaa
842 1949 1052 2041 dialecticae,
1071 1953 1200 2044 quihus
1216 1951 1312 2024 Aris·

294 2071 432 2144 totelem
442 2122 452 2158 ,
463 2070 518 2140 vel
532 2069 648 2162 potins
657 2067 850 2140 Aristotelis
858 2069 977 2140 simias
988 2071 1153 2140 acerrime
1163 2071 1309 2141 lacessit.

295 2189 487 2264 Aristotelis
498 2190 589 2260 enim
606 2187 770 2258 methodo
787 2187 963 2261 sinceriori
987 2211 1024 2259 se
1045 2189 1223 2260 addictum
1240 2211 1315 2260 esse

297 2307 478 2403 profitetur
496 2306 563 2403 (1).
584 2309 698 2391 Quum
717 2307 821 2398 igitur
838 2307 1028 2378 secundnm
1043 2309 1227 2403 Stngyritae
1245 2309 1316 2401 phi·

298 2425 432 2520 losephi
445 2434 620 2520 praccepta
632 2423 781 2516 logicam
796 2424 904 2517 ipsius
916 2424 1109 2496 doctrinam
1120 2425 1312 2520 expendat,

297 2546 448 2638 ideoque
474 2545 668 2636 generalem
690 2543 837 2636 primum
860 2543 986 2634 logicae
1005 2543 1239 2616 definitionem
1265 2565 1317 2614 re÷

295 2659 676 2758 quirat(2),nnllamin
686 2662 995 2753 totlcgicisorgani
1008 2663 1105 2733 libris
1115 2663 1313 2754 reperitt3).
1446 2671 1447 2674 ’

295 2777 433 2866 Logicae
452 2786 567 2848 antem
588 2777 691 2848 finem
712 2778 747 2847 in
765 2777 1056 2850 demonstratione
1074 2779 1224 2870 positum
1242 2800 1318 2848 esse

297 2891 509 2986 peripatetici
525 2894 610 2967 falso
627 2895 841 2966 contendunt
857 2895 928 2988 (i);
945 2917 1025 2967 nam
1042 2895 1226 2966 Aristotele
1241 2896 1317 2989 ipso

297 3019 463 3098 anctore,
491 3011 615 3102 logicae
642 3013 715 3084 sive
734 3013 925 3087 dialecticae
953 3015 1032 3086 finis
1058 3024 1110 3086 est
1133 3016 1222 3086 bene
1247 3015 1319 3086 dis·-

299 3149 412 3206 serere
429 3125 500 3224 (5),
521 3131 619 3221 cujus
635 3131 830 3222 subjectum
846 3144 880 3204 et
898 3143 1013 3226 partes
1031 3134 1319 3236 male-ascholas-

299 3249 377 3323 ticis
391 3248 616 3337 definiuntur,
639 3273 748 3342 quum
764 3273 834 3322 non
852 3252 1044 3347 syllogismi
1061 3261 1236 3347 praecepta
1251 3261 1319 3322 tan·

300 3377 396 3455 tum,
432 3369 495 3443 sed
522 3370 638 3444 omnia
670 3357 881 3442 disserendo
901 3371 1041 3442 tractari
1072 3371 1205 3463 possint
1235 3369 1316 3465 (6),

300 3486 490 3558 dialecticae
517 3498 633 3560 antem
661 3498 776 3582 partes
807 3490 995 3582 legitimae,
1026 3490 1179 3561 inventio
1201 3498 1236 3560 et
1263 3492 1320 3582 jn-

334 3791 370 3858 (t)
386 3790 467 3841 schot.
490 3791 565 3852 dial„
580 3792 624 3842 lib.
638 3793 662 3853 1,
674 3807 697 3844 c.
710 3801 717 3843 1
732 3797 786 3845 init.

333 3879 369 3940 (2)
385 3876 461 3939 ibid,
475 3876 519 3926 lih.
531 3877 568 3940 11,
580 3890 601 3927 c.
619 3883 643 3928 1.

336 3967 372 4016 (a)
389 3960 521 4011 Animadv.
532 3961 644 4023 Ariston,
654 3961 672 4012 1.
687 3961 707 4022 1,
719 3976 744 4026 p.
756 3967 769 4012 c
780 3977 832 4024 sqq.

334 4045 371 4110 it)
387 4044 470 4095 schol.
481 4045 551 4106 dial..
566 4045 584 4096 l.
597 4045 631 4106 ll,
644 4059 699 4110 cap.
710 4049 734 4096 5.

338 4132 373 4189 (5)
391 4129 467 4191 hed,
485 4131 503 4180 1.
516 4129 551 4190 11,
562 4134 619 4181 cll.

336 4211 371 4273 (e)
387 4212 466 4271 thid..
482 4226 537 4276 cop.
549 4217 572 4262 l.
588 4213 624 4262 ct.
635 4213 736 4264 hristot.
756 4213 902 4276 ttetnphys„
918 4215 960 4263 lth.
970 4215 1010 4276 tv,
1023 4228 1045 4264 c.
1059 4221 1079 4266 t.
