2916 5062
566 457 759 531 ..37-

194 618 294 690 Tunc
316 620 408 690 enim
425 619 517 691 idem
540 617 683 692 Carolus
710 618 940 714 lutharingus
968 622 1022 716 (i)
1054 611 1176 694 Henriss

59 727 63 734 ’
142 729 237 806 cum¹
256 738 284 806 li
314 757 430 828 regem
457 736 542 807 adiit
566 737 817 829 admonuitque
839 739 932 810 omni
958 747 1113 832 tempore
1137 740 1171 809 in

145 854 532 948 philosophia'iiberum
557 856 683 947 cuique
704 857 810 928 fuisse
831 878 893 951 pro
911 878 982 950 quc
999 865 1033 928 et
1052 867 1172 930 contra

147 995 254 1065 quem
276 975 379 1070 veliet
401 973 546 1060 dicere,
570 973 894 1068 philosophiamque
919 976 1017 1047 aliter
1036 976 1171 1048 absolvi

147 1114 219 1163 non
232 1112 352 1184 posse;
365 1092 557 1179 Platonem,
569 1090 804 1181 Aristotelem,
822 1093 1058 1188 deincepsque
1067 1095 1168 1182 aiios,

148 1211 262 1282 donec
286 1209 514 1303 philosophiae
538 1231 620 1281 vera
647 1211 762 1282 studia
786 1210 989 1303 viguemnt,
1010 1214 1170 1284 eamdem

149 1328 341 1399 libertatem
380 1337 518 1400 secutos
555 1349 643 1400 esse.
685 1331 805 1420 itaque
842 1329 1008 1401 referente
1047 1330 1173 1402 Cereio

149 1449 359 1540 lotharingo
383 1458 585 1520 etecusam
612 1458 759 1540 egente,
790 1449 921 1520 Remus
949 1449 994 1520 ab
1021 1450 1169 1523 ilenrico
1233 1529 1236 1534 ,

148 1590 230 1660 rege
260 1569 294 1638 in
323 1569 514 1640 libertatem
547 1568 750 1656 restitutus,
787 1568 948 1640 manibus
980 1568 1169 1661 linguaque

147 1689 282 1758 solutus
295 1689 370 1779 (2),
399 1695 434 1757 et
451 1696 602 1778 quatuor
619 1708 730 1758 annos
752 1695 872 1779 postea
894 1686 1026 1779 pacatis
1046 1687 1170 1758 studiis

147 1828 232 1876 usus
249 1815 301 1877 est
317 1808 370 1895 (3)
385 1833 395 1893 3
422 1805 554 1899 pacatis
572 1858 582 1894 ,
606 1805 748 1896 inquam
766 1859 775 1893 ‚
799 1807 828 1876 si
847 1827 929 1876 cum
947 1806 1080 1897 reliqua
1097 1807 1170 1898 agi-

146 1923 304 1996 tatissimi
324 1924 390 1994 viri
408 1923 479 1994 vita
499 1924 658 1995 conteras
678 1977 687 2012 ,
709 1934 910 1996 nontamen
931 1925 1025 1994 omni
1043 1923 1170 1996 scilici-

148 2043 268 2114 tudine
291 2043 424 2114 vacuis.
458 2043 593 2113 Scilicet
620 2063 713 2114 anno
750 2042 843 2113 i5t8
876 2063 993 2114 mense
1016 2043 1103 2134 julio
1135 2054 1170 2115 et

146 2162 277 2256 pluries
296 2161 459 2253 deinceps
479 2160 557 2254 (i),
584 2169 660 2231 orto
679 2162 828 2230 tumultu
846 2161 881 2230 in
903 2162 1005 2232 Pratc
1023 2160 1168 2232 Clerico·

146 2304 225 2351 rum
255 2281 343 2351 inter
371 2280 592 2351 scholastrios
621 2288 655 2350 et
686 2280 875 2351 monachos
899 2278 1170 2352 San-Germano-

146 2401 355 2486 PratenseS‚
380 2399 509 2470 Ramus
523 2398 611 2468 inter
631 2397 719 2470 aiios
735 2407 858 2470 contra
878 2398 1067 2469 monachos
1086 2419 1167 2467 ora·

147 2519 260 2590 tiones
288 2515 429 2605 habuit,
456 2538 520 2609 pro
549 2517 785 2588 Universitatis
818 2526 853 2587 et
884 2515 1169 2586 scholasticorum

142 2817 239 2874 aimus,
256 2815 318 2864 «vel
332 2814 379 2864 troc
394 2825 454 2872 unc,
467 2814 547 2874 inquit
559 2813 611 2875 lpse
625 2812 718 2862 Remus
729 2814 755 2861 in
767 2811 852 2876 praeiat
868 2811 982 2861 l‘rooemii
994 2809 1170 2869 iictlr.‚b0na-

145 2911 203 2947 rum
213 2899 306 2947 artium
316 2910 345 2946 ac
355 2897 484 2947 literarum
495 2907 579 2945 amore
593 2895 718 2945 nirancis
728 2895 833 2958 Magnus
848 2896 1066 2956 cognominatus.»

176 2983 210 3043 (t)
228 2983 307 3042 cujus
317 2985 426 3043 quantus
437 2980 511 3030 luerit
519 2980 584 3041 apud
597 2979 732 3030 ilem-icum
745 2980 764 3028 li
775 2979 852 3037 iavcr,
869 2981 938 3030 testis
951 2981 989 3028 est
1000 2977 1173 3035 Brantcmius,

145 3078 226 3128 quum
237 3065 312 3116 irosce
323 3077 409 3114 versus
421 3062 509 3114 reiciat
519 3061 563 3126 (ii.
574 3062 677 3122 illustr„
688 3062 753 3112 iiisc.
765 3061 810 3125 66)
822 3083 828 3110 :

332 3200 397 3254 Stre,
410 3198 605 3251 circuamicta,
619 3209 709 3242 comme
723 3196 919 3252 timuerimus,

334 3275 427 3318 Comme
437 3273 510 3318 illane
521 3271 574 3324 lali.
584 3284 625 3328 par
635 3277 686 3326 trop
697 3284 755 3316 vaus
765 3283 904 3328 gcurerner,

334 3347 424 3392 Fcndre
434 3376 440 3399 ,
452 3347 544 3403 cestria,
556 3346 643 3401 moliti,
652 3345 775 3398 retenire.
787 3353 924 3396 retenturam

333 3421 397 3473 sire,
409 3431 467 3465 vous
477 3421 561 3465 n’cstes
571 3421 639 3475 plus,
650 3429 707 3462 vous
717 3417 802 3462 n'estcs
812 3417 864 3474 pius
874 3428 920 3472 que
929 3417 983 3460 cire.

178 3569 188 3594 ι
204 3551 223 3599 ii
235 3549 327 3599 entend
338 3563 381 3612 par
392 3562 420 3600 cc
437 3547 548 3600 Charias
559 3549 582 3598 lc
593 3548 703 3598 cardinal
715 3547 746 3596 ric
757 3547 900 3596 terrulae.»
913 3545 950 3597 Gi.
965 3545 998 3597 lie
1009 3546 1091 3606 lituu,
1102 3545 1177 3596 Hist.

145 3635 190 3683 aui
199 3640 291 3694 temp..
307 3633 325 3681 i.
338 3633 381 3694 Vi,
392 3627 413 3680 c.
425 3637 449 3685 6.
460 3632 490 3680 nd
504 3644 564 3682 nnn.
578 3635 647 3681 1550.

177 3719 213 3778 (2)
233 3737 244 3759 ι
258 3717 276 3766 ii
287 3717 368 3767 obiici
376 3717 408 3766 rie
417 3716 493 3766 iicnrl
504 3716 525 3765 il
538 3717 566 3764 tc
579 3715 739 3765 main-iacis
748 3715 779 3764 dc
789 3728 821 3764 aa
830 3716 918 3778 pluma
930 3721 955 3764 at
964 3715 1035 3764 dm
1046 3717 1144 3778 ianque
1152 3732 1176 3773 ,ι

146 3803 227 3864 inquit
240 3801 314 3862 Bayic
324 3801 383 3863 (art.
396 3798 516 3862 Iiamua).
532 3799 570 3850 id
580 3800 643 3860 regis
654 3799 753 3848 ilenrici
762 3799 881 3861 placitum
892 3801 995 3848 accessit
1004 3804 1106 3848 senatus
1117 3811 1174 3858 serr-

146 3887 240 3936 tentia=
255 3885 422 3934 «parisiensis
434 3888 535 3933 senatus
545 3885 676 3932 universus
686 3881 843 3931 sanctissimo
853 3881 946 3942 judicio
960 3884 1133 3932 constituerat,
1148 3885 1175 3928 ut

145 3972 170 4018 in
184 3971 319 4032 pristinum
329 3972 424 4017 statum
435 3969 615 4024 restitueretur,
624 3968 797 4027 integrumque
809 3967 831 4014 ei
847 3969 911 4016 esset
921 3999 928 4012 .
939 3998 946 4013 .
959 4001 964 4011 .
980 3998 987 4013 .
1005 3964 1080 4012 libere
1090 3963 1174 4023 plrilo-

143 4052 270 4115 sophan.»
284 4051 383 4108 Benna..
397 4050 461 4109 i.c.‚
474 4062 498 4111 p.
514 4053 551 4100 tt.

176 4136 212 4199 (3)
229 4136 320 4196 iretg„
329 4136 348 4184 i.
363 4149 396 4192 c.‚
406 4147 430 4196 p.
449 4133 529 4182 rtet.
543 4133 612 4182 iiami
622 4133 689 4181 Orat.
702 4145 745 4198 pre
757 4130 818 4194 pilii.
829 4129 966 4190 disciplina.

174 4220 209 4281 (i)
226 4220 263 4268 itu
277 4219 381 4282 Bculay,
393 4219 455 4268 illst.
468 4223 537 4268 univ.
552 4218 643 4276 Paris..
659 4222 676 4266 t.
690 4217 733 4272 Vi,
751 4227 775 4276 p.
790 4218 849 4271 tot,
860 4216 915 4269 illl,
929 4212 972 4260 itt
982 4244 990 4271 ,
1001 4212 1060 4274 its,
1078 4219 1126 4264 cic.
1137 4214 1176 4263 ct.

146 4303 179 4354 lie
189 4303 277 4364 Thou,
289 4302 308 4352 i.
318 4301 348 4364 V,
362 4318 384 4353 r.
398 4307 422 4362 6,
435 4304 465 4353 ari
477 4316 537 4352 ann.
552 4303 619 4352 itit.
633 4300 721 4358 iniit„
732 4299 749 4347 l.
761 4309 829 4360 c.‚p.
846 4297 917 4346 1025.
