2916 5062
700 405 892 475 ...32-

284 567 383 640 facile
407 565 599 658 acquievit,
624 585 738 655 neque
765 564 923 635 acerbius
949 560 1143 653 quidquam
1168 561 1204 631 in
1228 583 1309 632 eum
1382 654 1390 660 -
1446 539 1447 608 4

284 687 404 758 statuit
422 685 488 780 (4).
511 709 528 753 4
550 683 617 773 Α4,
642 693 680 753 ut
698 684 799 754 nobis
815 684 967 770 videtur,
996 681 1121 751 acerba
1139 680 1223 750 satis
1248 704 1309 752 su-

285 827 417 900 perque
441 807 578 875 4444444
606 825 690 873 usus
716 811 768 874 est
791 803 937 891 Ramus3
969 823 1076 892 quam
1103 821 1208 890 aequo
1235 800 1312 870 tulit

285 925 419 1011 anime,
447 945 553 994 unam
587 922 677 994 hano
709 921 860 993 retinens
888 919 1111 992 Horatianam
1148 920 1312 988 consola-

286 1041 441 1110 tionem:

447 1219 524 1269 inter
537 1229 617 1282 spem
627 1226 799 1280 curamque,
815 1209 929 1263 timores
942 1206 1137 1275 intersiinus,

448 1305 569 1360 Omnem
583 1305 666 1357 crede
678 1302 754 1356 diem
769 1301 818 1356 tibi
831 1301 963 1355 diluxisse
976 1315 1159 1370 supremum:

447 1397 531 1450 Grata
541 1387 737 1464 superveniet,
752 1409 817 1463 quae
830 1409 890 1446 44444
905 1391 1063 1462 sperabitur
1074 1389 1143 1444 hora
1154 1387 1203 1458 (2).

338 1593 516 1666 Silentium
541 1603 657 1666 tamen
680 1611 751 1664 non
773 1590 862 1662 adeo
889 1589 1156 1684 Pythagoricum
1176 1588 1314 1662 videtur

291 1713 508 1782 observasse.
529 1708 631 1792 Quod
648 1709 739 1782 enim
755 1708 898 1799 quidam
921 1718 1140 1796 asseverant,
1167 1709 1314 1784 hamum

290 1851 401 1920 usque
420 1828 467 1899 ad
483 1849 613 1904 annum
628 1823 722 1900 4547
743 1826 883 1900 omnino
903 1835 1037 1905 mutum
1061 1827 1165 1898 fuisse
1186 1831 1261 1917 (3),
1278 1827 1315 1901 id

291 1954 383 2018 certe
408 1945 593 2022 confictum
618 1954 696 2032 est,
730 1955 768 2014 ut
790 1966 837 2015 ex
860 1945 969 2038 ipsius
987 1946 1123 2038 scriptis
1154 1956 1311 2039 apparet.

290 2063 391 2137 Anno
411 2065 503 2136 enim
527 2062 766 2151 45444545,
792 2064 827 2137 in
844 2065 999 2140 Mariano
1022 2064 1194 2156 cottegio,
1218 2062 1311 2134 Aud.

290 2183 406 2258 Talaeo
422 2193 458 2255 et
477 2184 733 2256 Bartholomaeo
755 2183 858 2254 sociis
878 2193 918 2255 ut
938 2193 1161 2268 antoanam,
1184 2184 1318 2254 matha

291 2303 434 2378 [naticae
450 2311 541 2377 artes
558 2302 966 2396 simulcume10quentia
983 2305 1158 2396 professus
1174 2313 1226 2374 est
1244 2355 1254 2392 ,
1278 2312 1318 2377 ut

292 2423 387 2494 testis
408 2432 460 2494 est
477 2425 590 2520 Oratio
606 2420 744 2521 publice
758 2420 877 2493 habita
895 2422 940 2498 ab
962 2421 1037 2514 ipso
1055 2423 1186 2506 Ramo,
1204 2420 1317 2514 pridie

292 2559 402 2611 nonas
422 2539 628 2610 xnovembris
655 2537 770 2629 4544,
797 2540 990 2635 eodemque
1019 2561 1110 2610 anno
1135 2538 1227 2632 typis
1251 2561 1315 2613 ex·

292 2678 394 2732 cussa
407 2655 459 2752 (4)
477 2684 484 2726 :
498 2658 614 2754 inqua
627 2652 811 2753 postquam
825 2658 946 2732 desua
960 2656 1318 2749 professioneiocutos

325 2969 361 3034 (4)
377 2969 504 3028 delient..
520 2969 538 3018 4.
553 2983 589 3026 4.,
605 2981 630 3017 n.
646 2970 691 3030 45,
706 2982 730 3031 p.
749 2972 779 3020 45
796 2983 834 3032 sq.
850 2970 920 3020 iiunc
934 2973 1102 3021 narrationem
1118 2970 1242 3020 mendacii
1254 2971 1318 3020 iusi·

294 3051 376 3102 mniat
386 3051 461 3113 Bayle
473 3051 557 3112 (ibid,
572 3055 625 3100 not.
636 3050 674 3112 b).
687 3050 810 3110 Bructero
818 3055 904 3102 autem
914 3050 1024 3115 (period.
1039 3053 1070 3102 444
1080 3087 1088 3112 ,
1099 3063 1124 3114 p.
1135 3055 1164 3114 4,
1176 3051 1192 3106 1.
1205 3051 1243 3110 14,
1257 3065 1280 3106 c,
1298 3053 1321 3113 4)

294 3147 344 3184 non
352 3147 382 3184 44
391 3137 442 3183 toto
451 3134 556 3182 44444444
565 3133 672 3183 videtur.
682 3133 743 3194 Qua
753 3146 811 3183 vero
823 3133 970 3186 Guiiandius
979 3134 1064 3195 444444,
1077 3146 1122 3183 nos
1131 3145 1189 3182 444444
1197 3133 1321 3184 Bructero

293 3222 413 3280 putamus
433 3217 490 3268 ude
508 3217 617 3279 copsiiits
632 3219 792 3272 inimicorum
804 3217 875 3267 hami
886 3231 940 3268 esse
954 3217 1128 3279 interimenda,
1147 3219 1189 3278 qui
1205 3203 1320 3280 percupi-

291 3305 386 3354 rtssent
400 3315 458 3352 eum
469 3302 502 3351 ad
513 3313 595 3352 remos
605 3303 773 3363 potiusquam
784 3303 809 3348 144
820 3301 936 3352 cathedra
945 3301 1073 3353 sedentem
1083 3301 1182 3351 uidere:
1192 3312 1248 3362 que
1258 3313 1318 3350 curn

183 3409 185 3414 ,
294 3386 343 3446 regi
353 3388 435 3434 assent
446 3383 581 3448 patefacta,
595 3382 719 3436 obstitisse
731 3381 901 3438 Cistellanurn
916 3382 1062 3432 inhumanis
1076 3381 1301 3442 cogitationibus»

326 3468 359 3530 (2)
378 3468 462 3521 iiorat.
478 3468 555 3530 Epist.
568 3466 611 3516 4444.
625 3465 650 3526 4,
664 3466 749 3516 hvid.
763 3466 823 3516 Tres
832 3470 894 3516 orat.
904 3479 919 3515 4
930 3466 956 3515 P.
968 3465 1061 3526 hamo,
1072 3464 1136 3514 hud.
1146 3465 1244 3523 Taiaeo,
1257 3469 1317 3523 etc..

295 3550 335 3599 444.
355 3554 382 3598 444
393 3563 418 3598 v.
623 3580 627 3588 ι

325 3633 359 3695 43)
376 3631 494 3696 44444441.
509 3633 674 3693 4.,4444),
689 3631 997 3696 ct.1‹'retg.,1.c.u·1t.

327 3716 361 3776 (4)
377 3713 432 3762 Viri.
445 3713 524 3764 (latai.
540 3725 580 3778 cp.
593 3713 673 3763 hamt.
687 3733 699 3758 4
712 3714 793 3764 Prima
803 3707 874 3764 nobis
884 3719 961 3775 atas,
973 3717 1054 3777 iuquit
1064 3714 1157 3763 Remus
1169 3725 1236 3766 anno
1247 3717 1318 3774 1564,

294 3797 477 3847 mathematicis
484 3795 660 3846 studiisdedita
670 3795 730 3859 fuit,
739 3801 763 3846 et
771 3800 858 3858 quinto
864 3797 958 3852 abhinc
966 3811 995 3847 44
1002 3801 1120 3848 uicesimo
1126 3810 1193 3846 anno
1202 3796 1319 3848 arithme-

296 3884 384 3943 ticam,
396 3895 438 3932 sex
450 3883 543 3945 primos
554 3880 664 3930 Euciidis
674 3881 764 3940 libros,
782 3881 903 3943 spheram
914 3883 941 3930 in
956 3881 1065 3932 44444444
1080 3883 1209 3944 gymnasio
1220 3881 1320 3945 publica

295 3965 400 4018 docui.»
413 3964 494 4014 Scimi.
507 3963 642 4022 mutirem..
655 3963 673 4012 4.
686 3963 723 4024 41,
734 3965 790 4012 init·
801 3962 838 4012 Ci.
851 3963 928 4024 Epist.
942 3963 1013 4018 hami
1024 3963 1056 4012 ad
1070 3963 1151 4014 Caroi.
1166 3963 1241 4025 Loth,
1257 3961 1318 4016 icbr.

298 4052 357 4099 4544
369 4047 465 4113 (1545),
478 4049 554 4098 iatine
565 4047 660 4098 Euclidi
671 4049 790 4110 prtcntiss.
803 4051 827 4096 44
838 4047 893 4096 hct.
902 4060 951 4098 sec.
962 4047 1039 4097 biath.
1052 4052 1139 4097 contra
1147 4047 1277 4110 Carpent.;
1288 4072 1320 4082 -

297 4131 332 4181 Gi.
349 4135 425 4183 etiarn
435 4133 546 4195 Tireoph.
567 4132 668 4190 banos,
685 4130 823 4179 secundum
840 4143 916 4192 quern
933 4132 1027 4181 hamus
1044 4143 1086 4182 sex
1100 4132 1194 4194 primos
1210 4129 1321 4182 Euciidia

298 4216 374 4268 libros
384 4217 423 4268 rai
435 4220 460 4267 ln
471 4217 614 4270 eoronam
624 4213 710 4276 coitsg.
725 4213 824 4276 legerat.
