2912 5066
528 371 744 441 -157-

113 523 301 618 propriam
327 523 475 615 quisque
497 525 651 615 linguam
675 537 839 619 tanquam
866 549 996 600 novum
1022 527 1057 598 in
1080 527 1143 599 de·
1221 579 1224 584 ·

113 641 304 715 tondendis
321 642 544 734 opinionibus
565 643 831 716 instrumentum
854 645 1069 717 adhiberent.
1088 647 1145 718 Sic

114 761 377 855 philosophiam
394 781 436 830 ac
453 761 613 832 liberales
630 771 721 834 artes
743 785 763 834 a
784 764 910 838 scholis
929 771 1093 834 evocatas
1108 763 1144 832 in

113 881 276 952 medium
293 879 435 966 eduxit,
453 888 486 950 et
502 879 546 950 ab
560 879 721 952 inanibus
738 882 1003 954 sholasticorum
1016 883 1144 952 calum·

115 998 190 1068 niis
214 998 260 1069 ad
284 997 460 1090 publicum
484 997 570 1102 illud
599 999 699 1088 quasi
723 1001 916 1070 communis
934 1019 1056 1071 sensus
1082 1001 1146 1071 tri-

114 1117 230 1186 bunal
252 1115 384 1187 detulit.
410 1116 510 1185 Hinc*
522 1116 671 1208 primum
697 1119 820 1209 gallica
848 1120 904 1190 illa
928 1119 1144 1213 philosophia

115 1243 245 1304 exorta
265 1241 333 1320 est,
355 1253 437 1324 quae
455 1233 490 1300 in
510 1232 651 1302 Cartesii
669 1235 806 1326 scriptis
824 1255 995 1305 summam
1010 1236 1142 1327 periec-

115 1352 252 1423 tiouem
269 1361 447 1438 assecuta,
472 1373 592 1422 omnes
610 1353 680 1422 fere
693 1352 800 1422 totius
817 1354 968 1444 Europae
988 1353 1142 1444 philoso-

115 1470 211 1562 phos
223 1469 269 1540 ad
286 1490 323 1538 se
340 1468 475 1538 trahere
489 1467 608 1560 coepit.

172 1587 226 1656 tv.
257 1587 330 1656 Hoc
345 1607 487 1676 quoque
500 1585 729 1676 philosophiae
743 1606 850 1676 quam
863 1586 1048 1678 plurimum
1063 1608 1143 1680 pro-

117 1705 228 1776 fuisse
246 1704 328 1774 mihi
349 1703 506 1791 videtur,
529 1703 625 1806 quod
648 1703 929 1796 unamquamque
951 1705 1144 1777 liberalium

117 1816 249 1886 artium
270 1815 482 1903 excoluerit3
507 1815 586 1885 hino
608 1815 700 1884 enim
724 1836 890 1906 magnum
912 1816 1144 1909 philosophiae

117 1933 372 2004 incrementum
395 1935 471 2012 suit.
498 1933 657 2020 Scilicet,
684 1933 769 2004 dum
797 1953 917 2004 omnes
944 1934 1145 2027 disciplinas

115 2051 265 2122 brevius
290 2052 548 2145 simpliciusque
571 2072 612 2121 ac
633 2050 745 2142 magis
765 2052 947 2144 perspicue
972 2055 1141 2142 traderet,

118 2167 352 2262 philosophiae
380 2189 523 2259 quoque
544 2167 637 2238 viam
663 2167 861 2239 breviorem
886 2169 1146 2261 facilioremque

119 2287 301 2358 reddidit:
335 2289 431 2378 quod
466 2287 582 2358 nescio
619 2286 796 2376 quomodo
827 2286 1044 2356 Verulamius
1074 2296 1144 2357 tam

118 2407 247 2476 acriter
273 2407 469 2496 vituperare
498 2402 698 2473 sustinuerit
722 2400 795 2494 (l),
827 2422 935 2490 quum
961 2403 1146 2474 humanior

118 2525 245 2595 eadem
275 2523 408 2592 ratione
433 2517 653 2610 philosophia
679 2517 865 2589 evaderet:
899 2527 1036 2608 gratnm
1056 2541 1145 2612 opus

119 2785 243 2845 trancoise
254 2786 319 2834 n'est
335 2785 463 2848 incapahle
476 2785 507 2834 de
520 2783 684 2846 philosophie.
700 2802 712 2828 ι
725 2783 786 2836 Mais
800 2785 823 2834 le
833 2789 915 2847 temps
926 2784 1028 2836 riendra
1042 2799 1087 2850 par
1097 2788 1144 2836 ad·
1157 2828 1160 2840 .

121 2873 228 2918 venture
238 2871 301 2929 ,etje
310 2868 406 2932 supplic
420 2882 453 2917 au
469 2869 530 2917 Dian
545 2866 653 2917 tres-bon
667 2871 692 2916 et
704 2866 847 2928 tres-grand
858 2881 907 2930 que
918 2881 946 2918 ce
956 2870 1004 2918 solt
1014 2869 1045 2920 de
1054 2873 1146 2937 ,nostre

121 2955 201 3013 aege),
217 2965 265 3013 que
282 2951 389 3014 quelque
401 2951 484 3002 bonne
498 2963 635 3014 personne,
655 2963 705 3000 non
724 2953 805 3001 moins
819 2945 1106 3015 hardie‘qu’ingsnieuse
1122 2960 1147 3006 ct

120 3040 250 3096 scarante,
261 3047 312 3084 non
323 3035 484 3094 umbilicuse,
498 3047 548 3084 non
560 3037 689 3092 craignant
703 3035 794 3085 l'enrle
807 3048 841 3085 ou
856 3036 931 3086 haine
940 3021 1069 3100 vd'autruy⁸
1081 3051 1145 3088 nous

120 3123 201 3168 oslera
212 3123 276 3169 cesla
284 3118 364 3168 litasse
371 3120 523 3180 persuaded,
532 3117 645 3167 donnant
656 3119 670 3166 a
680 3121 750 3166 notre
760 3119 852 3179 langue
860 3118 884 3168 la
895 3119 958 3168 ileur
967 3125 992 3167 et
1001 3121 1024 3169 le
1033 3119 1094 3168 linit
1102 3121 1145 3170 des

121 3203 216 3251 horines
224 3200 391 3251 lettresallaec
399 3214 460 3251 ann.
471 3203 630 3262 toltscripsit
639 3198 761 3260 Bellaius3
770 3199 896 3262 Ctsteplr.
907 3201 1033 3261 Pasquler,
1042 3201 1143 3261 lettres,

122 3285 166 3334 lib.
177 3285 195 3344 l,
204 3287 218 3334 2
228 3301 235 3332 s
246 3285 277 3333 Α.
292 3283 325 3333 Μ.
336 3285 366 3333 de
374 3284 505 3334 Tournebu
521 3284 627 3343 (scavoir
637 3282 674 3331 s‘il
684 3291 722 3332 est
735 3282 784 3331 bon
795 3283 826 3332 de
836 3282 943 3332 conchen
955 3281 992 3331 les
1004 3285 1055 3331 aris
1069 3286 1093 3332 et
1107 3281 1145 3333 les

121 3371 266 3420 scienoesen
274 3367 399 3430 hancois),
408 3381 469 3416 ann.
479 3366 625 3416 1552Ᾰίεωί
638 3365 724 3426 gallica
737 3364 869 3414 Dialectiou
878 3366 942 3414 edita
953 3368 990 3416 est
1001 3377 1061 3416 ann.
1074 3369 1143 3418 tosa.

111 3443 115 3450 “
153 3448 188 3513 (1)
200 3467 212 3494 u
223 3449 258 3498 Ne
269 3462 327 3498 vero
343 3461 401 3498 cum
416 3448 481 3496 lianc
491 3450 576 3496 cont=a
588 3447 745 3496 Aristotelem
756 3450 905 3496 sententiam
916 3447 976 3508 lero,
990 3461 1031 3498 me
1039 3460 1097 3498 cum
1106 3461 1145 3499 ro-

122 3529 186 3580 belle
196 3532 250 3590 ejus
264 3529 372 3592 quodam
392 3531 532 3588 neoterioo,
551 3528 622 3576 Petro
638 3527 716 3577 Romo
728 3531 881 3590 conspirasse
898 3542 1029 3590 augurare.
1039 3530 1143 3581 Nullum

121 3614 184 3664 milri
201 3615 380 3665 commercium
392 3625 451 3662 curn
465 3611 511 3660 hoo
522 3612 666 3672 ignorantia
675 3610 788 3672 latibulo,
797 3614 1004 3674 perniciosissima
1014 3614 1145 3666 literarum

121 3700 202 3756 tinea,
220 3697 433 3760 compendiorum
447 3696 658 3758 patrationum
677 3695 787 3744 methodi
803 3707 855 3746 suaa
865 3699 890 3746 et
904 3698 1043 3760 compendii
1055 3701 1144 3749 vinclis

122 3794 161 3830 res
171 3784 284 3842 torqueat
293 3785 317 3830 ct
327 3785 436 3842 premat,
447 3791 485 3829 res
495 3779 630 3840 quidem,si
644 3791 691 3839 qua
703 3776 872 3839 luti,elabilur
883 3783 996 3842 protinus
1012 3786 1037 3832 et
1047 3783 1144 3844 exsilit,

122 3867 174 3927 lpse
183 3876 241 3913 vero
253 3864 364 3912 aridaset
374 3864 547 3912 disertissimos
558 3873 637 3920 nugas
646 3863 753 3922 stringit.
764 3861 963 3924 ¹liquerlquinus
971 3864 1073 3924 quidem
1085 3877 1143 3913 cum

122 3949 192 3996 Scoto
209 3951 233 3996 el
249 3948 320 3996 sociis
336 3948 412 3996 etiam
431 3949 457 3993 in
474 3960 529 3994 non
546 3944 625 3993 retus
644 3957 729 3993 rerum
743 3946 888 3994 varietatem
898 3946 1008 4004 effinxit,
1026 3945 1067 3994 hio
1086 3959 1145 3996 vero

122 4033 197 4080 etiam
211 4032 238 4080 in
250 4030 322 4080 rebus
332 4044 386 4078 oon
401 4044 491 4079 rorum
504 4028 663 4078 solitudinem
678 4030 795 4088 aequavit.
815 4028 950 4088 Atquehoc
963 4029 1073 4078 hominis
1084 4041 1144 4081 cum

122 4115 167 4172 sit,
176 4112 300 4162 humanos
313 4117 397 4162 tamen
407 4125 467 4162 usus
479 4115 503 4161 in
512 4124 553 4162 ore
563 4112 637 4162 habet
647 4111 787 4173 impudens,
799 4116 826 4159 ut
837 4111 899 4160 mihi
907 4114 982 4161 etiarn
990 4111 1143 4175 prosophis-

123 4199 153 4244 lis
169 4199 322 4258 praevaricari
337 4197 458 4288 viqatur.
469 4213 481 4240 n
494 4197 582 4246 Baoon.
597 4197 621 4244 in
641 4195 729 4256 impet.
739 4193 830 4261 philos.
