<?xml version="1.0" encoding="UTF-8"?>
<!DOCTYPE html PUBLIC "-//W3C//DTD XHTML 1.0 Transitional//EN"
    "http://www.w3.org/TR/xhtml1/DTD/xhtml1-transitional.dtd">
<html xmlns="http://www.w3.org/1999/xhtml" xml:lang="en" lang="en">
 <head>
  <title>
</title>
<meta http-equiv="Content-Type" content="text/html;charset=utf-8" />
  <meta name='ocr-system' content='tesseract 3.04.00' />
  <meta name='ocr-capabilities' content='ocr_page ocr_carea ocr_par ocr_line ocrx_word'/>
</head>
<body>
  <div class='ocr_page' id='page_1' title='image "./depetriramivita00waddgoog_0132.png"; bbox 0 0 2912 5066; ppageno 0'>
   <div class='ocr_carea' id='block_1_1' title="bbox 531 441 751 511">
    <p class='ocr_par' dir='ltr' id='par_1_1' title="bbox 531 441 751 511">
     <span class='ocr_line' id='line_1_1' title="bbox 531 441 751 511; baseline 0 -1"><span class='ocrx_word' id='word_1_1' title='bbox 531 441 751 511; x_wconf 82' lang='lat' dir='ltr'><strong>—ll5-</strong></span> 
     </span>
    </p>
   </div>
   <div class='ocr_carea' id='block_1_2' title="bbox 60 600 1154 3651">
    <p class='ocr_par' dir='ltr' id='par_1_2' title="bbox 60 600 1154 3282">
     <span class='ocr_line' id='line_1_2' title="bbox 175 600 1152 696; baseline 0.006 -24"><span class='ocrx_word' id='word_1_2' title='bbox 175 600 397 672; x_wconf 86' lang='lat' dir='ltr'><strong>Dialecticam</strong></span> <span class='ocrx_word' id='word_1_3' title='bbox 427 601 575 694; x_wconf 84' lang='lat' dir='ltr'><strong>primurn</strong></span> <span class='ocrx_word' id='word_1_4' title='bbox 606 605 722 696; x_wconf 84' lang='lat' dir='ltr'>posuit</span> <span class='ocrx_word' id='word_1_5' title='bbox 749 605 911 678; x_wconf 88' lang='lat' dir='ltr'><strong>virtutem</strong></span> <span class='ocrx_word' id='word_1_6' title='bbox 940 627 1016 680; x_wconf 85' lang='lat' dir='ltr'><strong>csse</strong></span> <span class='ocrx_word' id='word_1_7' title='bbox 1043 609 1152 681; x_wconf 63' lang='lat' dir='ltr'><strong>disses</strong></span> 
     </span>
     <span class='ocr_line' id='line_1_3' title="bbox 117 719 1152 821; baseline 0.01 -33"><span class='ocrx_word' id='word_1_8' title='bbox 117 719 246 806; x_wconf 87' lang='lat' dir='ltr'><strong>rendi,</strong></span> <span class='ocrx_word' id='word_1_9' title='bbox 265 726 304 790; x_wconf 89' lang='lat' dir='ltr'><strong>nt</strong></span> <span class='ocrx_word' id='word_1_10' title='bbox 318 739 445 790; x_wconf 87' lang='lat' dir='ltr'><strong>noman</strong></span> <span class='ocrx_word' id='word_1_11' title='bbox 462 719 576 811; x_wconf 90' lang='lat' dir='ltr'><strong>ipsum</strong></span> <span class='ocrx_word' id='word_1_12' title='bbox 589 721 731 794; x_wconf 90' lang='lat' dir='ltr'><strong>indicat.</strong></span> <span class='ocrx_word' id='word_1_13' title='bbox 748 747 765 790; x_wconf 85' lang='lat' dir='ltr'><strong>n</strong></span> <span class='ocrx_word' id='word_1_14' title='bbox 782 732 974 821; x_wconf 69' lang='grc' dir='ltr'><strong><em>Διαλέγωθαι</em></strong></span> <span class='ocrx_word' id='word_1_15' title='bbox 990 727 1082 797; x_wconf 90' lang='lat' dir='ltr'><strong>enim</strong></span> <span class='ocrx_word' id='word_1_16' title='bbox 1101 739 1152 800; x_wconf 85' lang='lat' dir='ltr'><strong>est</strong></span> 
     </span>
     <span class='ocr_line' id='line_1_4' title="bbox 117 835 1152 936; baseline 0.008 -27"><span class='ocrx_word' id='word_1_17' title='bbox 117 838 260 910; x_wconf 87' lang='lat' dir='ltr'><strong>ratione</strong></span> <span class='ocrx_word' id='word_1_18' title='bbox 274 835 346 924; x_wconf 88' lang='lat' dir='ltr'><strong>uti,</strong></span> <span class='ocrx_word' id='word_1_19' title='bbox 363 844 401 908; x_wconf 95' lang='lat' dir='ltr'><strong>ut</strong></span> <span class='ocrx_word' id='word_1_20' title='bbox 413 837 573 910; x_wconf 74' lang='lat' dir='ltr'>Socrates</span> <span class='ocrx_word' id='word_1_21' title='bbox 587 840 622 911; x_wconf 93' lang='lat' dir='ltr'><strong>in</strong></span> <span class='ocrx_word' id='word_1_22' title='bbox 631 839 813 913; x_wconf 79' lang='lat' dir='ltr'><strong>Alcibiade</strong></span> <span class='ocrx_word' id='word_1_23' title='bbox 825 843 936 936; x_wconf 87' lang='lat' dir='ltr'><strong>primu</strong></span> <span class='ocrx_word' id='word_1_24' title='bbox 950 843 999 914; x_wconf 91' lang='lat' dir='ltr'><strong>ait</strong></span> <span class='ocrx_word' id='word_1_25' title='bbox 1010 867 1019 912; x_wconf 80' lang='lat' dir='ltr'><strong>t</strong></span> <span class='ocrx_word' id='word_1_26' title='bbox 1032 843 1152 917; x_wconf 87' lang='lat' dir='ltr'><strong>Cicero</strong></span> 
     </span>
     <span class='ocr_line' id='line_1_5' title="bbox 121 953 1152 1055; baseline 0.009 -28"><span class='ocrx_word' id='word_1_27' title='bbox 121 959 288 1029; x_wconf 71' lang='lat' dir='ltr'><strong><em>disserere</em></strong></span> <span class='ocrx_word' id='word_1_28' title='bbox 304 955 548 1048; x_wconf 80' lang='lat' dir='ltr'><strong>interpretatur</strong></span> <span class='ocrx_word' id='word_1_29' title='bbox 569 953 680 1054; x_wconf 71' lang='grc'>(1).»</span> <span class='ocrx_word' id='word_1_30' title='bbox 705 960 767 1032; x_wconf 90' lang='lat' dir='ltr'><strong>Illa</strong></span> <span class='ocrx_word' id='word_1_31' title='bbox 789 969 905 1034; x_wconf 89' lang='lat' dir='ltr'><strong>autem</strong></span> <span class='ocrx_word' id='word_1_32' title='bbox 924 963 1051 1052; x_wconf 87' lang='lat' dir='ltr'><strong>virtus,</strong></span> <span class='ocrx_word' id='word_1_33' title='bbox 1070 984 1152 1055; x_wconf 81' lang='lat' dir='ltr'><strong>quae</strong></span> 
     </span>
     <span class='ocr_line' id='line_1_6' title="bbox 126 1075 1152 1172; baseline 0.013 -31"><span class='ocrx_word' id='word_1_34' title='bbox 126 1075 434 1168; x_wconf 72' lang='lat' dir='ltr'><strong>«portentoque,</strong></span> <span class='ocrx_word' id='word_1_35' title='bbox 468 1075 590 1148; x_wconf 87' lang='lat' dir='ltr'><strong>eadem</strong></span> <span class='ocrx_word' id='word_1_36' title='bbox 619 1085 734 1150; x_wconf 90' lang='lat' dir='ltr'><strong>tamen</strong></span> <span class='ocrx_word' id='word_1_37' title='bbox 760 1079 1030 1172; x_wconf 76' lang='lat' dir='ltr'><strong>significatione,</strong></span> <span class='ocrx_word' id='word_1_38' title='bbox 1061 1083 1152 1154; x_wconf 86' lang='lat' dir='ltr'><strong>dictu</strong></span> 
     </span>
     <span class='ocr_line' id='line_1_7' title="bbox 122 1189 1154 1288; baseline 0.005 -24"><span class='ocrx_word' id='word_1_39' title='bbox 122 1201 179 1264; x_wconf 85' lang='lat' dir='ltr'><strong>est</strong></span> <span class='ocrx_word' id='word_1_40' title='bbox 198 1189 273 1287; x_wconf 78' lang='grc'>(2),</span> <span class='ocrx_word' id='word_1_41' title='bbox 292 1217 310 1260; x_wconf 88' lang='lat' dir='ltr'><strong>n</strong></span> <span class='ocrx_word' id='word_1_42' title='bbox 326 1189 457 1284; x_wconf 87' lang='lat' dir='ltr'>duplici</span> <span class='ocrx_word' id='word_1_43' title='bbox 469 1215 611 1266; x_wconf 89' lang='lat' dir='ltr'><strong>munere</strong></span> <span class='ocrx_word' id='word_1_44' title='bbox 628 1195 796 1286; x_wconf 79' lang='lat' dir='ltr'><strong>iungitur,</strong></span> <span class='ocrx_word' id='word_1_45' title='bbox 812 1197 962 1288; x_wconf 90' lang='lat' dir='ltr'><strong>ideoque</strong></span> <span class='ocrx_word' id='word_1_46' title='bbox 977 1196 1066 1268; x_wconf 89' lang='lat' dir='ltr'><strong>duas</strong></span> <span class='ocrx_word' id='word_1_47' title='bbox 1077 1220 1154 1270; x_wconf 86' lang='lat' dir='ltr'><strong>esse</strong></span> 
     </span>
     <span class='ocr_line' id='line_1_8' title="bbox 121 1309 1150 1416; baseline 0.005 -34"><span class='ocrx_word' id='word_1_48' title='bbox 121 1309 319 1390; x_wconf 74' lang='lat' dir='ltr'><strong>dialecticae</strong></span> <span class='ocrx_word' id='word_1_49' title='bbox 338 1319 454 1402; x_wconf 85' lang='lat' dir='ltr'><strong>partes</strong></span> <span class='ocrx_word' id='word_1_50' title='bbox 467 1311 596 1392; x_wconf 80' lang='lat' dir='ltr'><strong>Remus</strong></span> <span class='ocrx_word' id='word_1_51' title='bbox 614 1314 757 1402; x_wconf 85' lang='lat' dir='ltr'><strong>asserit,</strong></span> <span class='ocrx_word' id='word_1_52' title='bbox 780 1319 993 1394; x_wconf 75' lang='lat' dir='ltr'><strong>inventionem</strong></span> <span class='ocrx_word' id='word_1_53' title='bbox 1012 1323 1046 1394; x_wconf 86' lang='lat' dir='ltr'><strong>et</strong></span> <span class='ocrx_word' id='word_1_54' title='bbox 1056 1315 1150 1416; x_wconf 81' lang='lat' dir='ltr'><strong>jndi-</strong></span> 
     </span>
     <span class='ocr_line' id='line_1_9' title="bbox 121 1429 1147 1531; baseline 0.006 -29"><span class='ocrx_word' id='word_1_55' title='bbox 121 1435 209 1506; x_wconf 85' lang='lat' dir='ltr'><strong>ninm</strong></span> <span class='ocrx_word' id='word_1_56' title='bbox 225 1455 235 1502; x_wconf 76' lang='grc' dir='ltr'><strong><em>ε</em></strong></span> <span class='ocrx_word' id='word_1_57' title='bbox 254 1449 405 1531; x_wconf 86' lang='lat' dir='ltr'><strong>quorum</strong></span> <span class='ocrx_word' id='word_1_58' title='bbox 425 1429 503 1504; x_wconf 80' lang='lat' dir='ltr'><strong>haec</strong></span> <span class='ocrx_word' id='word_1_59' title='bbox 520 1440 572 1502; x_wconf 86' lang='lat' dir='ltr'><strong>est</strong></span> <span class='ocrx_word' id='word_1_60' title='bbox 590 1441 715 1504; x_wconf 90' lang='lat' dir='ltr'><strong>natura</strong></span> <span class='ocrx_word' id='word_1_61' title='bbox 733 1441 767 1505; x_wconf 89' lang='lat' dir='ltr'><strong>et</strong></span> <span class='ocrx_word' id='word_1_62' title='bbox 784 1433 895 1519; x_wconf 81' lang='lat' dir='ltr'><strong>labor,</strong></span> <span class='ocrx_word' id='word_1_63' title='bbox 919 1442 958 1506; x_wconf 91' lang='lat' dir='ltr'><strong>ut</strong></span> <span class='ocrx_word' id='word_1_64' title='bbox 976 1434 1147 1512; x_wconf 87' lang='lat' dir='ltr'><strong>inventio-</strong></span> 
     </span>
     <span class='ocr_line' id='line_1_10' title="bbox 124 1548 1147 1650; baseline 0.003 -29"><span class='ocrx_word' id='word_1_65' title='bbox 124 1549 180 1622; x_wconf 88' lang='lat' dir='ltr'><strong>nis</strong></span> <span class='ocrx_word' id='word_1_66' title='bbox 198 1548 242 1620; x_wconf 89' lang='lat' dir='ltr'><strong>sit</strong></span> <span class='ocrx_word' id='word_1_67' title='bbox 255 1548 429 1650; x_wconf 87' lang='lat' dir='ltr'><strong>quidquid</strong></span> <span class='ocrx_word' id='word_1_68' title='bbox 445 1549 491 1620; x_wconf 87' lang='lat' dir='ltr'><strong>ad</strong></span> <span class='ocrx_word' id='word_1_69' title='bbox 509 1549 717 1622; x_wconf 89' lang='lat' dir='ltr'><strong>invenienda</strong></span> <span class='ocrx_word' id='word_1_70' title='bbox 734 1561 937 1642; x_wconf 81' lang='lat' dir='ltr'><strong>argumenta</strong></span> <span class='ocrx_word' id='word_1_71' title='bbox 959 1553 1147 1645; x_wconf 85' lang='lat' dir='ltr'><strong>pertineat,</strong></span> 
     </span>
     <span class='ocr_line' id='line_1_11' title="bbox 121 1665 1151 1764; baseline 0 -26"><span class='ocrx_word' id='word_1_72' title='bbox 121 1665 294 1764; x_wconf 84' lang='lat' dir='ltr'><strong>judicium</strong></span> <span class='ocrx_word' id='word_1_73' title='bbox 318 1675 434 1738; x_wconf 83' lang='lat' dir='ltr'><strong>autern</strong></span> <span class='ocrx_word' id='word_1_74' title='bbox 460 1667 495 1736; x_wconf 92' lang='lat' dir='ltr'><strong>in</strong></span> <span class='ocrx_word' id='word_1_75' title='bbox 520 1667 735 1740; x_wconf 84' lang='lat' dir='ltr'><strong>aestimandis</strong></span> <span class='ocrx_word' id='word_1_76' title='bbox 755 1678 789 1740; x_wconf 88' lang='lat' dir='ltr'><strong>ct</strong></span> <span class='ocrx_word' id='word_1_77' title='bbox 812 1669 1024 1742; x_wconf 77' lang='lat' dir='ltr'><strong>collocandis</strong></span> <span class='ocrx_word' id='word_1_78' title='bbox 1044 1692 1151 1761; x_wconf 52' lang='lat' dir='ltr'><strong>argus</strong></span> 
     </span>
     <span class='ocr_line' id='line_1_12' title="bbox 127 1773 1150 1879; baseline 0.001 -23"><span class='ocrx_word' id='word_1_79' title='bbox 127 1785 251 1856; x_wconf 85' lang='lat' dir='ltr'><strong>mentis</strong></span> <span class='ocrx_word' id='word_1_80' title='bbox 264 1793 421 1855; x_wconf 88' lang='lat' dir='ltr'><strong>versetur</strong></span> <span class='ocrx_word' id='word_1_81' title='bbox 437 1787 507 1874; x_wconf 87' lang='lat'><strong>(3).</strong></span> <span class='ocrx_word' id='word_1_82' title='bbox 530 1785 710 1879; x_wconf 87' lang='lat' dir='ltr'><strong>Duplicem</strong></span> <span class='ocrx_word' id='word_1_83' title='bbox 725 1786 815 1859; x_wconf 89' lang='lat' dir='ltr'><strong>hanc</strong></span> <span class='ocrx_word' id='word_1_84' title='bbox 830 1773 1022 1858; x_wconf 82' lang='lat' dir='ltr'><strong>disserendi</strong></span> <span class='ocrx_word' id='word_1_85' title='bbox 1040 1788 1150 1859; x_wconf 56' lang='lat' dir='ltr'><strong>virtus</strong></span> 
     </span>
     <span class='ocr_line' id='line_1_13' title="bbox 124 1902 1151 1993; baseline 0 -19"><span class='ocrx_word' id='word_1_86' title='bbox 124 1910 211 1988; x_wconf 57' lang='lat' dir='ltr'><strong>lenm</strong></span> <span class='ocrx_word' id='word_1_87' title='bbox 233 1902 324 1974; x_wconf 77' lang='lat' dir='ltr'><strong>nour</strong></span> <span class='ocrx_word' id='word_1_88' title='bbox 339 1903 466 1974; x_wconf 89' lang='lat' dir='ltr'><strong>artium</strong></span> <span class='ocrx_word' id='word_1_89' title='bbox 488 1904 643 1975; x_wconf 90' lang='lat' dir='ltr'><strong>emnium</strong></span> <span class='ocrx_word' id='word_1_90' title='bbox 666 1906 885 1993; x_wconf 74' lang='lat' dir='ltr'><strong>facultatem,</strong></span> <span class='ocrx_word' id='word_1_91' title='bbox 906 1915 1048 1991; x_wconf 85' lang='lat' dir='ltr'><strong>natura,</strong></span> <span class='ocrx_word' id='word_1_92' title='bbox 1067 1905 1151 1978; x_wconf 54' lang='lat' dir='ltr'><strong>does</strong></span> 
     </span>
     <span class='ocr_line' id='line_1_14' title="bbox 125 2021 1151 2116; baseline 0.004 -26"><span class='ocrx_word' id='word_1_93' title='bbox 125 2021 239 2105; x_wconf 85' lang='lat' dir='ltr'><strong>trina,</strong></span> <span class='ocrx_word' id='word_1_94' title='bbox 267 2021 472 2102; x_wconf 79' lang='lat' dir='ltr'><strong>exercitatio</strong></span> <span class='ocrx_word' id='word_1_95' title='bbox 502 2023 678 2116; x_wconf 88' lang='lat' dir='ltr'><strong>propriam</strong></span> <span class='ocrx_word' id='word_1_96' title='bbox 703 2021 834 2104; x_wconf 88' lang='lat' dir='ltr'><strong>homini</strong></span> <span class='ocrx_word' id='word_1_97' title='bbox 865 2021 1007 2093; x_wconf 86' lang='lat' dir='ltr'><strong>iaciunt.</strong></span> <span class='ocrx_word' id='word_1_98' title='bbox 1036 2024 1151 2107; x_wconf 87' lang='lat' dir='ltr'><strong>Quum</strong></span> 
     </span>
     <span class='ocr_line' id='line_1_15' title="bbox 124 2139 1149 2233; baseline 0.003 -23"><span class='ocrx_word' id='word_1_99' title='bbox 124 2139 217 2210; x_wconf 87' lang='lat' dir='ltr'><strong>enim</strong></span> <span class='ocrx_word' id='word_1_100' title='bbox 234 2139 323 2212; x_wconf 87' lang='lat' dir='ltr'><strong>ratio</strong></span> <span class='ocrx_word' id='word_1_101' title='bbox 345 2140 496 2212; x_wconf 90' lang='lat' dir='ltr'><strong>hominis</strong></span> <span class='ocrx_word' id='word_1_102' title='bbox 513 2141 688 2233; x_wconf 88' lang='lat' dir='ltr'><strong>peculiare</strong></span> <span class='ocrx_word' id='word_1_103' title='bbox 703 2140 834 2224; x_wconf 86' lang='lat' dir='ltr'><strong>bonum</strong></span> <span class='ocrx_word' id='word_1_104' title='bbox 849 2139 916 2228; x_wconf 82' lang='lat' dir='ltr'><strong>sit,</strong></span> <span class='ocrx_word' id='word_1_105' title='bbox 942 2161 1021 2212; x_wconf 83' lang='lat' dir='ltr'><strong>curn</strong></span> <span class='ocrx_word' id='word_1_106' title='bbox 1036 2161 1149 2233; x_wconf 84' lang='lat' dir='ltr'><strong>eaque</strong></span> 
     </span>
     <span class='ocr_line' id='line_1_16' title="bbox 60 2259 1148 2353; baseline 0.002 -23"><span class='ocrx_word' id='word_1_107' title='bbox 60 2287 63 2292; x_wconf 95' lang='lat'>·</span> <span class='ocrx_word' id='word_1_108' title='bbox 120 2267 297 2347; x_wconf 84' lang='lat' dir='ltr'><strong>nascatur,</strong></span> <span class='ocrx_word' id='word_1_109' title='bbox 318 2267 353 2331; x_wconf 87' lang='lat' dir='ltr'><strong>ct</strong></span> <span class='ocrx_word' id='word_1_110' title='bbox 379 2259 425 2331; x_wconf 91' lang='lat' dir='ltr'><strong>ad</strong></span> <span class='ocrx_word' id='word_1_111' title='bbox 451 2259 596 2342; x_wconf 87' lang='lat' dir='ltr'><strong>rationis</strong></span> <span class='ocrx_word' id='word_1_112' title='bbox 620 2281 723 2332; x_wconf 88' lang='lat' dir='ltr'><strong>usum</strong></span> <span class='ocrx_word' id='word_1_113' title='bbox 740 2259 882 2353; x_wconf 90' lang='lat' dir='ltr'><strong>proprio</strong></span> <span class='ocrx_word' id='word_1_114' title='bbox 904 2261 1058 2352; x_wconf 85' lang='lat' dir='ltr'><strong>quodam</strong></span> <span class='ocrx_word' id='word_1_115' title='bbox 1083 2283 1148 2332; x_wconf 88' lang='lat' dir='ltr'><strong>na·</strong></span> 
     </span>
     <span class='ocr_line' id='line_1_17' title="bbox 122 2375 1145 2473; baseline 0.004 -27"><span class='ocrx_word' id='word_1_116' title='bbox 122 2384 211 2448; x_wconf 83' lang='lat' dir='ltr'><strong>turae</strong></span> <span class='ocrx_word' id='word_1_117' title='bbox 235 2385 332 2458; x_wconf 88' lang='lat' dir='ltr'><strong>motu</strong></span> <span class='ocrx_word' id='word_1_118' title='bbox 354 2377 510 2472; x_wconf 78' lang='lat' dir='ltr'><strong>rapiatur</strong></span> <span class='ocrx_word' id='word_1_119' title='bbox 527 2375 605 2473; x_wconf 84' lang='lat' dir='ltr'><strong>(l),</strong></span> <span class='ocrx_word' id='word_1_120' title='bbox 626 2377 703 2448; x_wconf 82' lang='lat' dir='ltr'><strong>naso</strong></span> <span class='ocrx_word' id='word_1_121' title='bbox 727 2386 780 2447; x_wconf 87' lang='lat' dir='ltr'><strong>est</strong></span> <span class='ocrx_word' id='word_1_122' title='bbox 810 2377 1000 2448; x_wconf 85' lang='lat' dir='ltr'><strong>disserendi</strong></span> <span class='ocrx_word' id='word_1_123' title='bbox 1022 2378 1145 2470; x_wconf 84' lang='lat' dir='ltr'><strong>origo,</strong></span> 
     </span>
     <span class='ocr_line' id='line_1_18' title="bbox 64 2493 1145 2588; baseline -0.002 -20"><span class='ocrx_word' id='word_1_124' title='bbox 64 2559 70 2568; x_wconf 89' lang='lat'><em>.</em></span> <span class='ocrx_word' id='word_1_125' title='bbox 122 2493 198 2575; x_wconf 77' lang='lat' dir='ltr'><strong>baec</strong></span> <span class='ocrx_word' id='word_1_126' title='bbox 226 2506 361 2576; x_wconf 80' lang='lat' dir='ltr'><strong>naturae</strong></span> <span class='ocrx_word' id='word_1_127' title='bbox 385 2505 438 2568; x_wconf 87' lang='lat' dir='ltr'><strong>est</strong></span> <span class='ocrx_word' id='word_1_128' title='bbox 466 2495 637 2567; x_wconf 85' lang='lat' dir='ltr'><strong>institutio</strong></span> <span class='ocrx_word' id='word_1_129' title='bbox 661 2521 669 2564; x_wconf 74' lang='grc' dir='ltr'><strong><em>ε</em></strong></span> <span class='ocrx_word' id='word_1_130' title='bbox 695 2516 801 2586; x_wconf 90' lang='lat' dir='ltr'><strong>quam</strong></span> <span class='ocrx_word' id='word_1_131' title='bbox 827 2495 993 2588; x_wconf 88' lang='lat' dir='ltr'><strong>optimam</strong></span> <span class='ocrx_word' id='word_1_132' title='bbox 1018 2495 1145 2576; x_wconf 86' lang='lat' dir='ltr'><strong>ducem</strong></span> 
     </span>
     <span class='ocr_line' id='line_1_19' title="bbox 120 2612 1145 2708; baseline -0.001 -22"><span class='ocrx_word' id='word_1_133' title='bbox 120 2615 280 2706; x_wconf 79' lang='lat' dir='ltr'><strong>quisqnis</strong></span> <span class='ocrx_word' id='word_1_134' title='bbox 307 2616 428 2708; x_wconf 80' lang='lat' dir='ltr'><strong>stiget,</strong></span> <span class='ocrx_word' id='word_1_135' title='bbox 457 2624 567 2686; x_wconf 85' lang='lat' dir='ltr'><strong>artam</strong></span> <span class='ocrx_word' id='word_1_136' title='bbox 593 2623 627 2685; x_wconf 89' lang='lat' dir='ltr'><strong>et</strong></span> <span class='ocrx_word' id='word_1_137' title='bbox 654 2613 848 2686; x_wconf 83' lang='lat' dir='ltr'><strong>doctrinam</strong></span> <span class='ocrx_word' id='word_1_138' title='bbox 879 2612 1145 2706; x_wconf 87' lang='lat' dir='ltr'><strong>pulcherrimam</strong></span> 
     </span>
     <span class='ocr_line' id='line_1_20' title="bbox 120 2730 1147 2826; baseline 0 -23"><span class='ocrx_word' id='word_1_139' title='bbox 120 2733 255 2804; x_wconf 88' lang='lat' dir='ltr'><strong>efficiet.</strong></span> <span class='ocrx_word' id='word_1_140' title='bbox 273 2757 292 2804; x_wconf 83' lang='lat' dir='ltr'><strong>n</strong></span> <span class='ocrx_word' id='word_1_141' title='bbox 307 2731 374 2814; x_wconf 81' lang='lat' dir='ltr'><strong>Ars</strong></span> <span class='ocrx_word' id='word_1_142' title='bbox 395 2733 499 2825; x_wconf 81' lang='lat' dir='ltr'><strong>igitur</strong></span> <span class='ocrx_word' id='word_1_143' title='bbox 514 2742 674 2804; x_wconf 87' lang='lat' dir='ltr'><strong>naturam</strong></span> <span class='ocrx_word' id='word_1_144' title='bbox 690 2732 756 2802; x_wconf 91' lang='lat' dir='ltr'><strong>sibi</strong></span> <span class='ocrx_word' id='word_1_145' title='bbox 773 2730 985 2824; x_wconf 87' lang='lat' dir='ltr'><strong>propositam</strong></span> <span class='ocrx_word' id='word_1_146' title='bbox 1010 2751 1147 2826; x_wconf 85' lang='lat' dir='ltr'><strong>semper</strong></span> 
     </span>
     <span class='ocr_line' id='line_1_21' title="bbox 121 2847 1146 2946; baseline -0.001 -21"><span class='ocrx_word' id='word_1_147' title='bbox 121 2851 266 2941; x_wconf 79' lang='lat' dir='ltr'><strong>lrabeat,</strong></span> <span class='ocrx_word' id='word_1_148' title='bbox 293 2851 494 2933; x_wconf 77' lang='lat' dir='ltr'><strong>exercitatio</strong></span> <span class='ocrx_word' id='word_1_149' title='bbox 522 2860 631 2922; x_wconf 86' lang='lat' dir='ltr'><strong>artam</strong></span> <span class='ocrx_word' id='word_1_150' title='bbox 647 2847 717 2946; x_wconf 79' lang='lat'><strong>(5).</strong></span> <span class='ocrx_word' id='word_1_151' title='bbox 737 2877 754 2920; x_wconf 85' lang='lat' dir='ltr'><strong>n</strong></span> <span class='ocrx_word' id='word_1_152' title='bbox 778 2853 854 2936; x_wconf 84' lang='lat' dir='ltr'><strong>Qua</strong></span> <span class='ocrx_word' id='word_1_153' title='bbox 877 2859 993 2933; x_wconf 87' lang='lat' dir='ltr'><strong>autem</strong></span> <span class='ocrx_word' id='word_1_154' title='bbox 1014 2850 1146 2924; x_wconf 88' lang='lat' dir='ltr'><strong>ratione</strong></span> 
     </span>
     <span class='ocr_line' id='line_1_22' title="bbox 120 2969 1148 3064; baseline 0.001 -23"><span class='ocrx_word' id='word_1_155' title='bbox 120 2980 255 3042; x_wconf 75' lang='lat' dir='ltr'><strong>natinae</strong></span> <span class='ocrx_word' id='word_1_156' title='bbox 271 2992 411 3052; x_wconf 86' lang='lat' dir='ltr'><strong>cursum</strong></span> <span class='ocrx_word' id='word_1_157' title='bbox 425 2969 620 3064; x_wconf 79' lang='lat' dir='ltr'><strong>perspicere</strong></span> <span class='ocrx_word' id='word_1_158' title='bbox 641 2977 747 3063; x_wconf 80' lang='lat' dir='ltr'><strong>atque</strong></span> <span class='ocrx_word' id='word_1_159' title='bbox 767 2969 891 3040; x_wconf 81' lang='lat' dir='ltr'><strong>intueri</strong></span> <span class='ocrx_word' id='word_1_160' title='bbox 910 2970 1061 3062; x_wconf 86' lang='lat' dir='ltr'><strong>quisque</strong></span> <span class='ocrx_word' id='word_1_161' title='bbox 1084 2969 1148 3042; x_wconf 62' lang='lat' dir='ltr'><strong>des</strong></span> 
     </span>
     <span class='ocr_line' id='line_1_23' title="bbox 119 3086 1145 3181; baseline -0.003 -21"><span class='ocrx_word' id='word_1_162' title='bbox 119 3087 217 3177; x_wconf 88' lang='lat' dir='ltr'><strong>beat,</strong></span> <span class='ocrx_word' id='word_1_163' title='bbox 234 3088 361 3181; x_wconf 85' lang='lat' dir='ltr'><strong>ipsein</strong></span> <span class='ocrx_word' id='word_1_164' title='bbox 383 3087 577 3169; x_wconf 83' lang='lat' dir='ltr'><strong>Dialecticis</strong></span> <span class='ocrx_word' id='word_1_165' title='bbox 596 3087 840 3180; x_wconf 87' lang='lat' dir='ltr'><strong>partitionibus</strong></span> <span class='ocrx_word' id='word_1_166' title='bbox 854 3087 1022 3178; x_wconf 86' lang='lat' dir='ltr'><strong>praeclare</strong></span> <span class='ocrx_word' id='word_1_167' title='bbox 1043 3086 1145 3170; x_wconf 68' lang='lat' dir='ltr'><strong>dccet</strong></span> 
     </span>
     <span class='ocr_line' id='line_1_24' title="bbox 118 3203 324 3282; baseline -0.034 0"><span class='ocrx_word' id='word_1_168' title='bbox 118 3203 324 3282; x_wconf 74' lang='lat' dir='ltr'><strong>turornis:</strong></span> 
     </span>
    </p>

    <p class='ocr_par' dir='ltr' id='par_1_3' title="bbox 121 3317 1147 3651">
     <span class='ocr_line' id='line_1_25' title="bbox 168 3317 1147 3414; baseline -0.011 -20"><span class='ocrx_word' id='word_1_169' title='bbox 168 3349 188 3394; x_wconf 86' lang='lat' dir='ltr'><strong>u</strong></span> <span class='ocrx_word' id='word_1_170' title='bbox 206 3324 245 3396; x_wconf 96' lang='lat' dir='ltr'><strong>ln</strong></span> <span class='ocrx_word' id='word_1_171' title='bbox 263 3323 332 3396; x_wconf 91' lang='lat' dir='ltr'><strong>hcc</strong></span> <span class='ocrx_word' id='word_1_172' title='bbox 347 3342 440 3410; x_wconf 87' lang='lat' dir='ltr'><strong>uno,</strong></span> <span class='ocrx_word' id='word_1_173' title='bbox 462 3321 595 3414; x_wconf 88' lang='lat' dir='ltr'><strong>inquit,</strong></span> <span class='ocrx_word' id='word_1_174' title='bbox 616 3321 867 3394; x_wconf 84' lang='lat' dir='ltr'><strong>elaborandum</strong></span> <span class='ocrx_word' id='word_1_175' title='bbox 885 3328 921 3392; x_wconf 89' lang='lat' dir='ltr'><strong>et</strong></span> <span class='ocrx_word' id='word_1_176' title='bbox 939 3317 1034 3390; x_wconf 87' lang='lat' dir='ltr'><strong>omni</strong></span> <span class='ocrx_word' id='word_1_177' title='bbox 1053 3319 1147 3409; x_wconf 55' lang='lat' dir='ltr'><strong>cogis</strong></span> 
     </span>
     <span class='ocr_line' id='line_1_26' title="bbox 122 3434 1146 3540; baseline -0.006 -28"><span class='ocrx_word' id='word_1_178' title='bbox 122 3441 252 3514; x_wconf 60' lang='lat' dir='ltr'><strong>moue</strong></span> <span class='ocrx_word' id='word_1_179' title='bbox 268 3440 392 3514; x_wconf 88' lang='lat' dir='ltr'><strong>mentis</strong></span> <span class='ocrx_word' id='word_1_180' title='bbox 410 3439 681 3511; x_wconf 86' lang='lat' dir='ltr'><strong>incumbendum</strong></span> <span class='ocrx_word' id='word_1_181' title='bbox 694 3447 767 3527; x_wconf 84' lang='lat' dir='ltr'><strong>cst,</strong></span> <span class='ocrx_word' id='word_1_182' title='bbox 795 3445 835 3508; x_wconf 93' lang='lat' dir='ltr'><strong>ut</strong></span> <span class='ocrx_word' id='word_1_183' title='bbox 860 3435 1041 3508; x_wconf 86' lang='lat' dir='ltr'><strong>rideamus</strong></span> <span class='ocrx_word' id='word_1_184' title='bbox 1060 3434 1146 3540; x_wconf 77' lang='lat' dir='ltr'><strong>quid</strong></span> 
     </span>
     <span class='ocr_line' id='line_1_27' title="bbox 121 3553 1143 3651; baseline -0.001 -25"><span class='ocrx_word' id='word_1_185' title='bbox 121 3566 363 3651; x_wconf 87' lang='lat' dir='ltr'><strong>naturuperse</strong></span> <span class='ocrx_word' id='word_1_186' title='bbox 376 3553 1143 3651; x_wconf 72' lang='lat' dir='ltr'><strong>praestototerhtbeatindisputando·0oam-</strong></span> 
     </span>
    </p>
   </div>
   <div class='ocr_carea' id='block_1_3' title="bbox 117 3887 1197 4369">
    <p class='ocr_par' dir='ltr' id='par_1_4' title="bbox 149 3887 1197 4204">
     <span class='ocr_line' id='line_1_28' title="bbox 151 3887 1118 3958; baseline -0.003 -19"><span class='ocrx_word' id='word_1_187' title='bbox 151 3889 187 3956; x_wconf 91' lang='grc'><strong>(1)</strong></span> <span class='ocrx_word' id='word_1_188' title='bbox 198 3890 264 3942; x_wconf 82' lang='lat' dir='ltr'><strong>illul.</strong></span> <span class='ocrx_word' id='word_1_189' title='bbox 277 3887 383 3958; x_wconf 59' lang='lat' dir='ltr'><strong>pinni,</strong></span> <span class='ocrx_word' id='word_1_190' title='bbox 399 3895 407 3940; x_wconf 98' lang='grc'>1</span> <span class='ocrx_word' id='word_1_191' title='bbox 422 3892 482 3939; x_wconf 84' lang='lat' dir='ltr'><strong>raet.</strong></span> <span class='ocrx_word' id='word_1_192' title='bbox 495 3903 503 3948; x_wconf 91' lang='lat'>;</span> <span class='ocrx_word' id='word_1_193' title='bbox 514 3888 571 3939; x_wconf 80' lang='lat' dir='ltr'><strong>sch.</strong></span> <span class='ocrx_word' id='word_1_194' title='bbox 584 3888 699 3948; x_wconf 81' lang='lat' dir='ltr'><strong>dialect,</strong></span> <span class='ocrx_word' id='word_1_195' title='bbox 711 3889 730 3940; x_wconf 87' lang='lat' dir='ltr'><strong>l.</strong></span> <span class='ocrx_word' id='word_1_196' title='bbox 744 3890 765 3952; x_wconf 93' lang='lat' dir='ltr'><strong>l,</strong></span> <span class='ocrx_word' id='word_1_197' title='bbox 780 3888 815 3953; x_wconf 72' lang='lat'><strong>113</strong></span> <span class='ocrx_word' id='word_1_198' title='bbox 827 3887 1118 3956; x_wconf 64' lang='lat' dir='ltr'><strong>discrepantium</strong></span> 
     </span>
     <span class='ocr_line' id='line_1_29' title="bbox 152 3971 442 4036; baseline 0.007 -15"><span class='ocrx_word' id='word_1_199' title='bbox 152 3971 187 4036; x_wconf 79' lang='lat'><strong>(2)</strong></span> <span class='ocrx_word' id='word_1_200' title='bbox 199 3971 273 4035; x_wconf 77' lang='lat' dir='ltr'><strong>tntu,</strong></span> <span class='ocrx_word' id='word_1_201' title='bbox 288 3972 306 4024; x_wconf 90' lang='grc'><strong>1.</strong></span> <span class='ocrx_word' id='word_1_202' title='bbox 320 3977 330 4023; x_wconf 92' lang='grc'>1</span> <span class='ocrx_word' id='word_1_203' title='bbox 343 3985 382 4034; x_wconf 75' lang='lat' dir='ltr'><strong>n,</strong></span> <span class='ocrx_word' id='word_1_204' title='bbox 395 3977 442 4023; x_wconf 86' lang='lat' dir='ltr'><strong>etc.</strong></span> 
     </span>
     <span class='ocr_line' id='line_1_30' title="bbox 151 4052 1197 4116; baseline -0.001 -12"><span class='ocrx_word' id='word_1_205' title='bbox 151 4055 188 4116; x_wconf 79' lang='grc'><strong>(1)</strong></span> <span class='ocrx_word' id='word_1_206' title='bbox 200 4053 281 4114; x_wconf 82' lang='lat' dir='ltr'><strong>tntu„</strong></span> <span class='ocrx_word' id='word_1_207' title='bbox 298 4053 392 4115; x_wconf 70' lang='lat' dir='ltr'><strong>ten,</strong></span> <span class='ocrx_word' id='word_1_208' title='bbox 400 4057 425 4104; x_wconf 87' lang='lat' dir='ltr'><strong>et</strong></span> <span class='ocrx_word' id='word_1_209' title='bbox 437 4055 463 4104; x_wconf 90' lang='lat' dir='ltr'><strong>tn</strong></span> <span class='ocrx_word' id='word_1_210' title='bbox 474 4055 564 4104; x_wconf 82' lang='lat' dir='ltr'><strong>oonru</strong></span> <span class='ocrx_word' id='word_1_211' title='bbox 573 4052 646 4104; x_wconf 78' lang='lat' dir='ltr'><strong>Remi</strong></span> <span class='ocrx_word' id='word_1_212' title='bbox 655 4052 734 4112; x_wconf 78' lang='lat' dir='ltr'><strong>ibris,</strong></span> <span class='ocrx_word' id='word_1_213' title='bbox 749 4061 816 4116; x_wconf 77' lang='lat' dir='ltr'><strong>pest.</strong></span> <span class='ocrx_word' id='word_1_214' title='bbox 1192 4097 1197 4103; x_wconf 89' lang='lat'>.</span> 
     </span>
     <span class='ocr_line' id='line_1_31' title="bbox 149 4133 1143 4204; baseline -0.007 -16"><span class='ocrx_word' id='word_1_215' title='bbox 149 4136 185 4204; x_wconf 84' lang='grc'><strong>(1)</strong></span> <span class='ocrx_word' id='word_1_216' title='bbox 195 4137 269 4199; x_wconf 78' lang='lat' dir='ltr'><strong>ibid,</strong></span> <span class='ocrx_word' id='word_1_217' title='bbox 280 4136 323 4188; x_wconf 89' lang='lat' dir='ltr'><strong>iol.</strong></span> <span class='ocrx_word' id='word_1_218' title='bbox 337 4144 359 4198; x_wconf 87' lang='lat' dir='ltr'><strong>t.</strong></span> <span class='ocrx_word' id='word_1_219' title='bbox 376 4141 407 4198; x_wconf 71' lang='lat'><strong>²5</strong></span> <span class='ocrx_word' id='word_1_220' title='bbox 426 4137 559 4191; x_wconf 78' lang='lat' dir='ltr'><strong>tnlmndr.</strong></span> <span class='ocrx_word' id='word_1_221' title='bbox 572 4138 683 4197; x_wconf 73' lang='lat' dir='ltr'><strong>insint,</strong></span> <span class='ocrx_word' id='word_1_222' title='bbox 696 4135 735 4188; x_wconf 85' lang='lat' dir='ltr'><strong>l.l</strong></span> <span class='ocrx_word' id='word_1_223' title='bbox 755 4154 761 4184; x_wconf 73' lang='grc' dir='ltr'><strong>ι</strong></span> <span class='ocrx_word' id='word_1_224' title='bbox 787 4152 798 4179; x_wconf 77' lang='grc' dir='ltr'>ι</span> <span class='ocrx_word' id='word_1_225' title='bbox 813 4133 934 4184; x_wconf 84' lang='lat' dir='ltr'><strong>omniurn</strong></span> <span class='ocrx_word' id='word_1_226' title='bbox 947 4133 1040 4190; x_wconf 76' lang='lat' dir='ltr'><strong>artium</strong></span> <span class='ocrx_word' id='word_1_227' title='bbox 1052 4135 1143 4190; x_wconf 70' lang='lat' dir='ltr'><strong>paritas</strong></span> 
     </span>
    </p>

    <p class='ocr_par' dir='ltr' id='par_1_5' title="bbox 117 4218 927 4369">
     <span class='ocr_line' id='line_1_32' title="bbox 117 4218 927 4291; baseline -0.014 -16"><span class='ocrx_word' id='word_1_228' title='bbox 117 4226 142 4275; x_wconf 74' lang='lat' dir='ltr'><strong>et</strong></span> <span class='ocrx_word' id='word_1_229' title='bbox 152 4234 215 4272; x_wconf 82' lang='lat' dir='ltr'><strong>usus</strong></span> <span class='ocrx_word' id='word_1_230' title='bbox 224 4223 294 4284; x_wconf 81' lang='lat' dir='ltr'><strong>prius</strong></span> <span class='ocrx_word' id='word_1_231' title='bbox 307 4223 416 4282; x_wconf 73' lang='lat' dir='ltr'><strong>asstitit,</strong></span> <span class='ocrx_word' id='word_1_232' title='bbox 429 4233 507 4283; x_wconf 84' lang='lat' dir='ltr'><strong>quam</strong></span> <span class='ocrx_word' id='word_1_233' title='bbox 523 4219 575 4270; x_wconf 87' lang='lat' dir='ltr'><strong>nlla</strong></span> <span class='ocrx_word' id='word_1_234' title='bbox 593 4223 713 4291; x_wconf 75' lang='lat' dir='ltr'><strong>precepta</strong></span> <span class='ocrx_word' id='word_1_235' title='bbox 725 4218 901 4280; x_wconf 63' lang='lat' dir='ltr'><strong>reputentur,</strong></span> <span class='ocrx_word' id='word_1_236' title='bbox 915 4233 927 4258; x_wconf 77' lang='grc' dir='ltr'>ι</span> 
     </span>
     <span class='ocr_line' id='line_1_33' title="bbox 149 4303 470 4369; baseline 0 -15"><span class='ocrx_word' id='word_1_237' title='bbox 149 4303 187 4368; x_wconf 68' lang='grc' dir='ltr'><strong>(ὁ)</strong></span> <span class='ocrx_word' id='word_1_238' title='bbox 195 4303 260 4355; x_wconf 71' lang='grc'>11111.</span> <span class='ocrx_word' id='word_1_239' title='bbox 272 4305 356 4369; x_wconf 83' lang='lat' dir='ltr'><strong>partit.</strong></span> <span class='ocrx_word' id='word_1_240' title='bbox 367 4341 374 4365; x_wconf 90' lang='lat'><strong>‚</strong></span> <span class='ocrx_word' id='word_1_241' title='bbox 385 4304 404 4353; x_wconf 89' lang='lat' dir='ltr'><strong>i.</strong></span> <span class='ocrx_word' id='word_1_242' title='bbox 420 4309 428 4352; x_wconf 97' lang='grc'>1</span> <span class='ocrx_word' id='word_1_243' title='bbox 444 4317 470 4361; x_wconf 76' lang='lat' dir='ltr'><strong>v,</strong></span> 
     </span>
    </p>
   </div>
   <div class='ocr_carea' id='block_1_4' title="bbox 0 0 1460 5066">
    <p class='ocr_par' dir='ltr' id='par_1_6' title="bbox 0 0 1460 5066">
     <span class='ocr_line' id='line_1_34' title="bbox 0 0 1460 5066; baseline 0 2"><span class='ocrx_word' id='word_1_244' title='bbox 0 0 1460 5066; x_wconf 95' lang='lat' dir='ltr'><strong> </strong></span> 
     </span>
    </p>
   </div>
  </div>
 </body>
</html>
