2912 5066
551 431 768 508 ...1113-

138 592 305 677 utilitate,
323 589 447 662 imitari
461 588 601 666 minime
615 598 873 660 recusaverunt.
893 590 1047 675 Quatuor
1061 612 1166 684 porro

140 732 256 788 rerum
269 708 426 782 omnium
440 728 584 795 causas„
597 707 632 776 iu
650 705 832 778 Aristotele
848 708 1067 798 observatas,
1091 711 1168 782 dili-

141 839 261 924 genter
278 826 463 920 explicuit,
477 846 625 916 eamque
641 827 832 918 praesertim
846 848 951 919 quam
965 828 1167 900 efficientem

141 954 271 1018 vocant
293 971 300 1012 :
326 963 431 1036 quam
460 942 495 1012 in
522 951 633 1016 certas
655 945 811 1036 species,
839 966 921 1037 quae
948 944 1166 1019 Aristotelem

142 1067 260 1136 forsan
276 1061 476 1152 rugiebant,
492 1081 619 1151 magna
635 1081 717 1158 cum
731 1083 815 1136 cura
828 1062 1014 1134 distribuit.

192 1183 314 1272 Neque
327 1188 442 1252 tamen
458 1179 642 1250 sine-omni
657 1181 758 1272 culpa
773 1189 881 1252 totam
893 1182 1006 1270 illam,
1021 1203 1103 1272 quae
1116 1194 1168 1254 est

144 1301 190 1373 de
203 1300 413 1385 inventione,
427 1306 558 1392 partem
572 1297 742 1368 tractavit.
753 1299 959 1390 Quanquam
970 1299 1062 1370 enim
1075 1299 1167 1372 Artis

145 1420 321 1513 cogitandi
333 1428 491 1492 auctores
504 1418 549 1489 de
565 1417 734 1510 bipertitis
753 1417 962 1488 divisionum
981 1419 1163 1507 membris,

144 1543 336 1614 Bruckerus
361 1546 475 1610 antem
499 1537 543 1609 de
565 1536 722 1608 idearum
744 1540 924 1631 διχοτομίαις
942 1533 995 1631 (l)
1021 1537 1167 1608 Remum

145 1681 266 1742 severe
279 1657 381 1728 nimis
398 1657 620 1742 insectantur,
642 1664 723 1725 sont
738 1664 831 1725 certe
848 1656 1012 1746 quaedam
1027 1655 1169 1726 divisio·
1231 1701 1235 1710 «

146 1799 230 1850 num
250 1777 426 1862 membra,
453 1795 534 1866 quae
554 1783 591 1844 ut
609 1775 697 1844 forto
713 1783 747 1845 et
768 1774 960 1845 inconsulto
977 1784 1037 1845 aut
1056 1774 1166 1845 subti-

144 1894 210 1964 lius
235 1893 416 1978 distincta,
440 1891 487 1960 ita
509 1911 588 1960 cum
609 1890 753 1961 veritate
778 1891 1005 1982 doctrinaque
1027 1891 1168 1962 minime

144 2011 384 2103 congruentia,
401 2008 496 2079 haud
511 2008 683 2080 immerito
699 2009 927 2102 reprehendat
941 2009 1079 2102 aliquis.
1093 2011 1166 2080 Dil-

144 2129 233 2202 ficile
252 2138 323 2217 est,
347 2127 497 2222 exempli
524 2126 655 2217 gratia,
680 2127 869 2219 intelligere
895 2129 979 2218 quid
1001 2129 1067 2200 sibi
1087 2131 1169 2202 velit

144 2249 228 2320 illud
256 2256 537 2338 argumentorum
562 2267 692 2336 genus,
719 2247 776 2317 cui
807 2267 932 2318 nomen
959 2258 1011 2318 est
1031 2252 1168 2341 quodum

144 2370 256 2454 modo,
282 2366 317 2436 in
334 2387 405 2456 quo
422 2364 615 2454 subjectum
629 2372 664 2433 et
677 2365 877 2454 adjunctum
893 2365 1064 2461 peperiaS,
1083 2365 1167 2438 dum

145 2507 248 2556 causa
266 2492 300 2554 et
317 2483 457 2554 effectus
469 2481 513 2552 ad
524 2483 742 2554 absolutorum
763 2465 1044 2572 argumentorum
1058 2504 1171 2574 genus

145 2603 345 2673 referantur.
364 2602 477 2673 Nimia
489 2621 630 2692 quoque
649 2600 683 2668 in
700 2600 785 2669 locis
799 2600 843 2690 de
855 2600 1016 2670 cornilione
1032 2608 1066 2670 et
1083 2625 1168 2672 eom·

144 2727 267 2811 parada
280 2719 467 2792 subtilitate
486 2741 569 2788 usus
582 2727 646 2788 est.
661 2718 762 2812 Quod
773 2726 888 2788 autem
903 2717 948 2787 ad
960 2718 1057 2787 locos
1070 2737 1167 2788 com·

144 2857 265 2908 munes
289 2837 452 2932 pertinet,
477 2845 568 2906 recte
589 2857 666 2906 meo
684 2836 817 2925 judicio
842 2834 1064 2908 Gassendus:
1086 2859 1104 2904 «
1118 2837 1168 2909 lla

145 2977 226 3047 quae
244 2956 487 3048 imaginamur,
507 2954 637 3046 inquit,
660 2963 754 3026 etex
771 2955 1170 3048 quibuspropositiones

144 3083 323 3163 texuntur,
356 3075 391 3144 in
427 3083 537 3150 certas
564 3075 689 3146 classes
718 3075 893 3146 distribuit
918 3077 1070 3164 Remus,
1098 3096 1168 3147 non

145 3193 265 3282 quales
293 3193 477 3284 categoriae
497 3200 594 3279 sunt,
623 3192 688 3284 sed*
710 3195 831 3282 quales
855 3192 921 3261 loci
944 3201 1167 3282 argumento·

144 3334 243 3381 rum:
260 3311 353 3404 unde
372 3319 406 3382 et
424 3310 498 3380 vice
521 3309 773 3400 categoriarum
795 3311 931 3403 topicen
951 3331 993 3380 eo
1014 3317 1167 3380 transtu-

143 3430 202 3517 lit,
221 3431 355 3502 tametsi
371 3451 442 3522 quo
459 3430 565 3500 modo
580 3437 745 3498 tractatur
760 3427 996 3521 exemplisque
1015 3428 1166 3502 illustra·

144 3558 213 3635 tur,
232 3549 358 3619 debere
373 3547 511 3619 videtur
528 3547 644 3642 potius
658 3545 824 3637 consequi
842 3567 948 3636 quam
968 3549 1171 3640 praecedere

144 3667 381 3738 tractationem
405 3666 448 3737 de
466 3665 674 3760 syllogismo
694 3667 758 3755 (2).
784 3690 801 3733 »
823 3665 861 3735 ln
884 3666 997 3758 logica
1013 3690 1097 3739 vero
1114 3689 1169 3739 ar·

145 3791 387 3876 gumentorum
401 3785 611 3872 inventione,
629 3805 698 3854 non
712 3785 780 3854 boc
792 3795 1034 3876 argumentum
1048 3790 1168 3860 vocari

145 3903 262 3994 decet,
285 3904 533 3995 quodcumque
550 3903 595 3974 ad
615 3902 839 3994 cogitandum
862 3906 1018 3976 conferre
1033 3914 1166 3996 potest,

133 4259 138 4266 .
176 4214 210 4277 (ι)
229 4215 325 4264 l‘crlod.
340 4215 384 4276 lll,
396 4218 460 4278 part.
474 4214 508 4272 ll,
526 4213 568 4264 lib.
583 4214 617 4274 ll,
629 4227 682 4276 cap.
703 4219 723 4272 1,
734 4211 750 4276 §
760 4208 807 4274 lll,
820 4226 845 4261 n.
858 4215 881 4260 3.

178 4299 213 4357 (2)
232 4299 266 4346 lle
278 4298 360 4358 logne
370 4297 433 4354 bne,
449 4309 503 4359 cup.
518 4302 543 4346 c.
