2916 5062
716 367 908 441 ..10-

305 529 374 610 rari
388 533 568 622 debemus,
582 554 691 625 quum
706 531 741 605 iu
756 553 797 604 ea
811 531 885 624 ipsa
900 529 1100 602 conditione
1115 552 1224 622 quam
1236 532 1330 612 dixi-

305 676 395 742 mus,
416 675 480 730 sua
497 652 688 728 constantia
699 635 898 742 ingeniique
907 651 1083 722 alacritate
1094 651 1326 742 professorum

308 774 472 849 lectiones
495 793 564 846 non
592 780 724 845 tantum
744 779 783 842 ut
806 769 998 863 discipulus
1016 769 1242 859 intellexerit,
1267 773 1329 843 sed

307 892 409 967 etiam
436 901 602 982 uuquam
623 891 736 982 judex
767 889 963 980 aliquisita
994 889 1218 983 expenderit,
1242 901 1280 960 ut
1310 913 1331 961 a

309 1009 514 1082 scholastica
524 1009 674 1102 primum
689 1007 906 1101 philosophia
915 1007 1120 1095 discederet,
1129 1027 1331 1098 novamque

310 1127 383 1220 ipse
399 1127 647 1220 auspicaretur.
663 1126 732 1202 Vix
744 1126 836 1198 enim
851 1147 961 1196 annos
974 1134 1078 1198 natus
1089 1121 1181 1214 XXl,
1198 1135 1332 1218 septem

309 1246 435 1320 artium
453 1247 646 1324 liberalium
664 1243 900 1338 magisterium
918 1245 1126 1337 adepturus,
1147 1244 1334 1316 scholasti-

311 1386 387 1440 cam
415 1364 669 1460 philosophiam
696 1364 889 1452 lacessere,
929 1361 1110 1455 ipsamque
1138 1360 1335 1432 Aristotelis

311 1483 549 1557 auctoritatem
567 1482 712 1574 aggredi
730 1482 870 1560 minima
890 1480 1075 1553 dubitavit.
1093 1479 1181 1549 lline
1201 1479 1335 1572 primus

311 1622 424 1672 sermo
442 1602 486 1670 de
504 1601 580 1690 ipso
602 1600 683 1682 tuit,
701 1607 772 1670 tum
794 1598 841 1668 ob
857 1617 984 1670 novam
1001 1605 1037 1667 et
1059 1594 1253 1666 inauditam
1270 1619 1333 1689 pa·

306 1715 431 1786 radoxi
448 1715 612 1808 speciem,
634 1723 707 1790 tum
727 1715 773 1785 ob
787 1714 926 1805 juvenis
938 1714 1047 1807 ipsius
1059 1714 1287 1787 temeritatem
1302 1724 1339 1786 et

169 1839 175 1860 ⁸
306 1834 483 1926 ingenium
503 1860 510 1904 :
532 1835 612 1908 hino
628 1833 814 1908 exordium
829 1835 933 1908 lamae
951 1842 985 1904 et
1004 1833 1222 1926 publicorum
1238 1835 1339 1905 labo·
1445 1881 1446 1892 ι

310 1975 398 2024 rum.
416 1953 511 2036 Quos
524 1953 667 2044 quidem
691 1952 852 2044 quisquis
873 1954 949 2024 viilt
965 1952 1174 2044 intelligere,
1194 1974 1341 2025 neeesse

309 2082 362 2146 est
371 2071 536 2162 intelligat
555 2072 652 2165 prins
668 2093 739 2163 quo
755 2072 894 2144 tandem
908 2072 1024 2142 animo
1038 2072 1169 2144 Remus
1188 2091 1210 2140 e
1231 2073 1340 2163 longo

310 2190 507 2268 studiorum
520 2188 694 2265 curriculo
716 2211 876 2280 egressus
899 2191 1013 2260 luerit.
1034 2189 1097 2259 llic
1124 2198 1241 2259 autem
1265 2189 1343 2282 ipse

313 2309 586 2388 audiendusest.
617 2341 619 2354 ·

364 2453 381 2494 a
398 2427 483 2498 Cum
500 2438 569 2500 tres
586 2449 697 2499 annos
712 2449 846 2519 sexque
863 2449 1017 2515 menses,
1034 2424 1165 2517 inquit,
1181 2427 1217 2498 in
1233 2427 1342 2520 philo·
1445 2429 1446 2444 ¹

313 2547 436 2641 sophia
445 2547 651 2618 scholastica
661 2545 910 2618 exAcademiae
920 2554 1048 2622 nostrae
1061 2546 1196 2636 legibus
1208 2545 1343 2640 posuis·
1445 2549 1446 2584 ³

314 2688 407 2751 sem,
427 2667 549 2758 logicis
571 2667 695 2757 organi
715 2667 812 2737 libris
829 2664 1080 2756 agnoscende,
1098 2664 1339 2757 disputandis,

314 2781 521 2852 meditandis
532 2784 761 2870 (exomnibus
771 2785 861 2852 enim
875 2782 1100 2852 aristotelicis
1111 2782 1222 2870 libris,
1234 2782 1341 2874 logici

315 2900 490 2992 praecipue
503 2907 576 2972 tolo
590 2899 726 2974 triennii
738 2905 892 2992 tempore
902 2903 1095 2975 clamantur
1106 2911 1140 2972 et
1152 2903 1341 2976 reclaman-

316 3017 390 3111 tur)
409 3039 511 3105 oum,
530 3017 691 3110 inquam,
710 3029 846 3111 tempus
860 3018 945 3089 illud
962 3019 1009 3088 ita
1024 3019 1336 3106 traduxissem,....

316 3136 486 3208 subducta
506 3137 618 3208 aetatis
636 3159 724 3208 meae
742 3137 891 3224 ratione,
920 3137 955 3214 io
969 3131 1186 3212 'scholasticis
1205 3139 1343 3212 artibus

317 3264 547 3350 consumpte,
564 3256 782 3330 consideravi
794 3257 923 3347 quihus
935 3256 970 3324 in
986 3257 1089 3326 rebus
1101 3255 1204 3346 logici
1215 3260 1341 3346 organi

317 3385 427 3461 artes,
447 3396 537 3466 quas
558 3382 659 3446 antea
679 3384 730 3445 tot
752 3375 962 3446 elamoribus
982 3385 1016 3444 et
1037 3373 1224 3444 sudoribus
1243 3375 1338 3448 didi-

317 3512 451 3578 ceram,
466 3492 501 3560 in
514 3493 660 3583 posteris
670 3515 881 3566 exercerem.
896 3495 974 3567 Non
990 3493 1025 3566 in
1043 3491 1185 3564 historia
1202 3501 1237 3564 et
1248 3493 1339 3562 anti·

317 3609 449 3700 quitale
474 3630 588 3679 rerum
613 3611 888 3703 prudentiorem,
909 3634 980 3683 non
1003 3611 1039 3681 in
1060 3612 1339 3683 dicendo‘diser-

319 3731 462 3817 tiorem3
482 3753 551 3802 non
569 3732 604 3803 in
620 3733 716 3825 poesi
733 3735 1000 3826 promptiorem3
1020 3757 1091 3807 non
1107 3734 1257 3825 denique
1270 3736 1343 3807 ulla

318 4047 465 4107 magistrum
476 4052 567 4108 tunm,
578 4061 645 4098 nuno
655 4062 714 4099 vero
722 4053 829 4110 graviter
838 4049 963 4100 dolentem
975 4050 1041 4111 quod
1053 4051 1078 4097 ln
1090 4052 1114 4098 ta
1126 4039 1203 4098 lacem
1213 4049 1342 4098 ardentem

317 4127 478 4192 philosophie
496 4133 623 4193 pepererit.
639 4131 699 4181 alli.
716 4132 785 4181 llami
799 4131 874 4194 Epist.
887 4145 942 4193 qne
956 4130 1116 4180 Aristoteliois
1129 4129 1262 4180 Animadv.
1276 4143 1343 4194 pre-

321 4209 368 4258 tlna
383 4217 420 4259 ast
439 4212 488 4274 (ed.
507 4218 586 4271 15⁴³).
1357 4233 1363 4238 ’
